3500 5375
884 742 903 801 6

315 934 404 991 ratur
426 947 499 990 cum
523 947 561 991 ea
583 948 618 991 re
641 926 726 991 unde
749 928 857 1012 imago
881 926 981 1013 petita
999 931 1056 991 est.
1077 925 1275 1012 Exemplum
1295 925 1439 989 luculen-

313 1040 474 1104 tissimum
509 1038 666 1105 habemus
698 1041 731 1103 in
767 1040 877 1104 Aiace.
905 1038 1156 1124 Agamemnonis
1181 1037 1279 1103 verba
1302 1035 1439 1102 suntad

313 1154 486 1238 Teucrum,
520 1156 577 1241 qui
612 1156 743 1221 fratrem
775 1156 913 1242 sepelire
944 1127 1081 1220 vetatur.
1106 1153 1231 1218 Teucer
1249 1153 1318 1239 jam
1344 1151 1440 1238 paulo

312 1273 385 1331 ante
409 1266 555 1333 Menelao
578 1269 706 1351 restitit,
729 1290 827 1355 quam
847 1268 888 1332 ob
910 1290 976 1333 rem
998 1267 1222 1353 Agamemnon
1235 1266 1440 1331 acerbissime
1483 1238 1534 1365 63(

313 1381 347 1444 in
372 1401 446 1446 eum
471 1382 637 1447 invehitur
659 1405 705 1448 vs.
732 1383 834 1446 1250:
1502 1396 1525 1458 ‘7

907 1522 938 1584 οῦ
962 1500 1067 1600 γάρόἱ
1089 1525 1214 1589 πλατεῖς

514 1635 572 1698 οὐδ’
597 1634 741 1715 εῦρῦνωτοι
765 1639 863 1713 Φῦτες
887 1633 1116 1713 άσφαλέστατοι

408 1794 411 1799 »
513 1749 584 1813 ἀλλ’
608 1748 632 1813 οἱ
654 1753 822 1830 Φρονοῦντες
845 1742 877 1812 εὖ
899 1754 1036 1829 κρατοῦσι
1058 1751 1227 1826 πανταχοῦ.

514 1860 614 1940 μέγας
638 1863 669 1926 δὲ
692 1863 805 1943 πλευρά
827 1862 901 1939 βοῦς
926 1862 981 1926 ὑπὸ
1004 1864 1130 1941 σμικράς
1152 1858 1232 1936 ὅμως

516 1975 663 2055 μάστιγος
687 1977 760 2057 ὀρθὸς
784 1977 822 2047 εἷς
846 1974 908 2040 ὁδὸν
931 1975 1091 2054 πορεύεται·

513 2088 629 2153 saloni
654 2090 806 2169 προσέρπον
829 2093 909 2153 τοῦτ’
938 2090 995 2166 ἐγὼ
1018 2089 1051 2153 τὸ
1075 2088 1235 2168 Φάρμακον

514 2202 563 2282 ῦρῦ
586 2201 674 2281 τάχ’,
699 2203 721 2266 εἰ
745 2202 787 2278 μὴ
811 2208 874 2267 νοῦν
897 2205 1078 2275 κατακτήσει
1101 2206 1174 2265 τινά.

358 2361 529 2448 Ejusmodi
551 2364 649 2449 locus,
672 2367 729 2453 qui
754 2369 893 2453 pertinet
915 2367 955 2432 ad
975 2373 1202 2453 argumentum
1222 2366 1262 2432 de
1280 2386 1441 2454 quonunc

316 2476 444 2562 agimus
476 2478 597 2565 legitur
628 2481 661 2544 in
693 2481 867 2567 Antigone.
893 2480 1039 2547 Creontis
1061 2483 1160 2548 verba
1182 2488 1258 2546 sunt
1280 2480 1320 2545 ad
1344 2480 1440 2544 Anti·

314 2611 428 2675 gonen,
464 2613 547 2679 quae
581 2592 674 2660 Joris
707 2601 836 2660 aeterna
870 2596 1020 2660 instituta
1051 2618 1085 2661 se
1115 2595 1298 2681 antiquiora
1322 2593 1440 2659 habere

315 2705 483 2792 profitetur
505 2729 602 2794 quam
625 2730 709 2796 quae
728 2711 863 2796 jusserit
887 2711 1030 2775 mortalis
1050 2710 1127 2775 Ant.
1153 2712 1235 2773 477:

513 2874 623 2950 σμικρῷ
646 2875 766 2952 χαλινῷ
786 2873 811 2936 δ’
836 2868 908 2937 οἶδα
931 2875 997 2944 τοὺς
1021 2873 1215 2951 άνκονμένους

515 2982 621 3057 ἵππους
644 2987 890 3067 καταρτυθέντας·
914 2989 945 3052 οῦ
970 2988 1026 3068 γάρ
1050 2988 1164 3052 ἐκπέλει

513 3102 623 3179 φρονεῖν
646 3100 717 3178 μέγ’
742 3099 820 3171 ὅστις
844 3100 946 3172 δοῦλός
969 3103 1030 3164 ἐστι
1053 3106 1109 3164 τῶν
1132 3101 1238 3173 πέλας.

358 3261 514 3328 Addenda
533 3269 608 3328 sunt
630 3270 759 3351 propter
781 3266 1051 3352 comparationem
1074 3265 1189 3351 fragm.
1214 3266 1276 3328 727
1290 3270 1333 3349 ¹l²

513 3426 549 3489 σὺ
572 3425 603 3490 δέ
626 3426 794 3508 σφαδάζοις
818 3433 914 3499 πῦλος
938 3426 974 3497 ὣς
998 3427 1151 3511 εὐφορβίᾳ.

314 3584 346 3642 et
368 3577 481 3663 fragm.
506 3578 587 3641 588:

512 3727 607 3804 κάμοι
631 3730 661 3793 δὲ
685 3728 784 3800 πένθος
808 3730 957 3808 λαγχάνοι
981 3732 1079 3794 πάλου
1102 3730 1192 3802 δίκην,
1216 3755 1244 3795 κ.
1258 3755 1285 3796 τ.
1299 3745 1328 3796 λ.

357 3876 493 3965 Propter
514 3877 709 3943 celeritatem
732 3900 835 3966 equus
855 3880 1016 3945 interdum
1036 3881 1070 3944 in
1090 3882 1360 3967 comparationem
1381 3881 1437 3946 ad·

312 3990 450 4074 ducitur,
487 3992 589 4057 veluti
620 3990 689 4055 OR.
722 3994 786 4055 466
818 3992 971 4057 άελλάδων
1002 3992 1097 4057 ἵππιον
1121 3997 1332 4076 οάεναράτερον,
1357 3996 1435 4062 Ant.

313 4107 378 4169 985
413 4105 516 4185 Βορεάς
547 4104 699 4182 άμιπποςς
732 4105 842 4171 eodem
874 4088 1013 4193 pertinet
1036 4108 1114 4172 Ant.
1143 4109 1204 4172 140
1228 4105 1322 4189 ’Ἄρος
1347 4107 1435 4183 δεξιά·
1477 4149 1482 4157 ·

311 4243 408 4300 οειρος.
444 4219 579 4285 Accedit
613 4220 747 4285 verbum
783 4221 999 4301 άναχαιτίζειν,
1028 4222 1142 4308 jubam
1174 4224 1327 4308 arrigere,
1351 4223 1436 4310 quod

344 4483 372 4548 l)
389 4484 419 4533 ln
433 4484 640 4549 fragmentorum
659 4483 776 4532 numeris
794 4487 900 4532 secutus
918 4497 978 4532 sum
997 4482 1123 4532 Dindorfii
1141 4484 1288 4533 editionem.
