3500 5375
877 665 951 739 140'
989 639 996 649 ’

338 885 478 945 severus,
521 864 567 948 [et
609 862 738 949 saepius
772 862 986 947 misericors]:
1023 861 1080 926 ubi
1115 859 1220 925 officio
1254 857 1463 940 satisfactum,

307 1026 310 1033 .
338 978 426 1043 nulla
458 978 543 1042 ultra
573 977 738 1064 potcstatis
770 996 922 1062 persona;
946 975 1111 1039 tristitiam
1135 982 1167 1041 et
1189 973 1408 1060 adrogantiam
1432 979 1463 1038 et

337 1092 506 1159 avaritiam
531 1098 676 1157 exuerat.

268 1220 271 1227 '
381 1205 511 1272 Inclusa
536 1206 634 1272 verba
657 1206 768 1292 spuria
790 1210 877 1269 sunt.

869 1427 930 1492 XI.

250 1584 252 1589 -
381 1542 430 1607 Ib.
454 1564 522 1630 cap.
547 1544 591 1631 34
601 1565 608 1607 :

383 1655 430 1720 Hi
460 1663 535 1723 sunt
566 1678 646 1743 quos
670 1656 818 1743 proximo
841 1677 925 1722 anno
947 1677 1048 1723 acam
1071 1656 1230 1742 legionem
1255 1654 1340 1718 furto
1363 1654 1464 1718 noctis

336 1771 502 1857 adgressos
529 1772 666 1838 clamore
688 1770 883 1838 debellastis.

382 1884 486 1971 Lege:
510 1906 627 1951 nocem
647 1885 818 1971 legionem.

860 2094 940 2159 XII.

382 2210 478 2275 anr.
501 2208 562 2292 IV,
589 2211 751 2297 138⁸(l‘l‘t
846 2320 920 2363 nam
943 2301 1038 2384 saepe
1061 2295 1240 2383 Gigantum

449 2432 504 2477 ora
528 2412 635 2478 volare
659 2412 809 2477 videntur
832 2419 864 2477 et
888 2412 1034 2477 umbram
1058 2411 1175 2477 ducere
1198 2411 1271 2494 late,

449 2525 611 2591 interdum
637 2527 746 2615 magni
769 2532 892 2592 montes
916 2526 1088 2612 avolsaque
1110 2547 1190 2590 saxa

449 2640 612 2705 montibus
632 2640 755 2706 anteire
778 2648 810 2706 et
831 2640 930 2706 solem
953 2640 1122 2706 succedere
1145 2646 1279 2726 praeter,

449 2753 523 2819 inde
546 2754 625 2818 alios
648 2753 774 2818 trahere
797 2759 894 2840 atque
912 2752 1068 2818 'inducere
1090 2755 1182 2819 balaa
1204 2755 1330 2818 nimbos.

380 2890 556 2956 Extremus
580 2913 691 2958 versus
714 2892 908 2978 corrigatur:

447 3028 522 3093 inde
545 3029 625 3093 alios
648 3029 776 3094 trahere
796 3036 895 3116 atque
920 3029 1070 3095 inducere
1093 3031 1203 3094 nubilo
1224 3031 1321 3096 ocus.

853 3240 952 3306 XIII.

382 3425 555 3509 Nuntium,
590 3391 686 3514 quiem
721 3449 804 3492 anno
831 3430 896 3492 195
920 3449 939 3491 a
961 3427 1069 3492 decem
1094 3429 1208 3514 legatis
1230 3429 1366 3493 Romam
1391 3451 1460 3516 per·

337 3541 437 3604 latum
469 3561 538 3605 esse
569 3540 667 3605 tradit
690 3541 806 3605 Livius
832 3539 1011 3624 (XXXIII,
1037 3542 1104 3625 44),
1129 3541 1325 3607 Antiochum
1352 3564 1460 3628 regem

335 3655 368 3716 in
404 3674 441 3718 eo
475 3653 575 3718 fuisse
607 3659 642 3718 ut
669 3655 702 3717 in
728 3653 896 3722 Graeciam
921 3655 1091 3741 trajiceret,
1116 3662 1148 3720 et
1170 3654 1230 3720 hoc
1252 3656 1337 3721 bello
1361 3654 1460 3720 Grae·
1525 3707 1528 3714 .

336 3768 417 3831 ciam
454 3787 597 3831 arsuram
634 3766 744 3850 fuisse,
780 3789 959 3854 repugnare
994 3768 1089 3862 rebus
1124 3789 1143 3830 a
1175 3766 1312 3854 Polybio
1335 3769 1460 3833 traditis
1525 3795 1531 3804 ·

334 3880 455 3966 injuria
477 3886 585 3945 censet
608 3879 736 3946 Nissen.
762 3879 862 3965 (Krit.
890 3881 964 3946 Unt.
990 3902 1062 3968 pag.
1086 3884 1174 3966 151).

824 4037 828 4048 ¹
855 4077 949 4157 xlv.

380 4280 467 4346 Ante
503 4281 606 4366 legem
641 4279 793 4347 Oviniam
828 4281 923 4345 latam
960 4289 1089 4348 senatus
1123 4283 1288 4348 Romanus
1319 4285 1462 4348 constitit

330 4396 406 4481 jure
429 4395 605 4460 sententiae
631 4394 833 4479 hereditario,
858 4418 921 4482 quo
944 4396 1117 4461 utebantur
1141 4397 1203 4462 viri
1227 4397 1366 4483 patricii.
