3500 5375
739 701 891 767 ,29

605 885 664 967 ipa,
688 884 825 965 Φύλκξου
848 887 957 966 μητρὸς
979 885 1117 965 ἐγκότους
1140 885 1240 957 κύνοος.

400 998 451 1064 lb.
477 1001 580 1064 1054:
604 1004 710 1080 σοφῶς
733 1001 791 1081 γὰρ
814 998 883 1064 alls
907 1002 1016 1081 μητρὸς
1038 999 1152 1078 ἔγκοτοι
1175 1000 1266 1067 κύνες.

301 1110 352 1178 Of.
375 1112 471 1179 Eum.
495 1116 581 1179 246:
604 1115 899 1195 τετραυματισμένος
921 1114 980 1194 γὰρ
1004 1115 1041 1185 ὡς
1064 1114 1139 1178 κύων
1162 1113 1261 1193 νεβρὸν

604 1231 674 1310 πρὸς
695 1224 774 1306 αἷμοο
795 1228 847 1292 καὶ
870 1230 1052 1305 σταλαγμὸν
1074 1228 1286 1304 ἐκματεύομεν.

348 1391 437 1457 Haec
471 1392 622 1479 exempla
655 1392 792 1457 tenenda
822 1398 900 1456 sunt
920 1398 958 1455 ut
980 1398 1065 1456 recte
1087 1392 1289 1476 intelligatur
1310 1390 1428 1456 locutio
1508 1439 1513 1443 -

301 1505 477 1594 Sophoclea
498 1508 626 1585 ἄφυκτον
649 1506 731 1578 κύνες
754 1505 806 1570 ΕΙ.
833 1507 930 1569 1388.
952 1506 1071 1570 Furias
1093 1528 1131 1571 eo
1148 1505 1427 1571 uomiueiudioari

300 1620 414 1684 statuit
448 1619 629 1702 Nauckius,
664 1618 811 1685 Orestem
847 1628 880 1685 et
910 1619 1069 1706 Pyladem
1100 1627 1209 1684 coutua
1231 1619 1428 1706 significatos

301 1755 370 1799 esse
392 1733 555 1799 contendit
577 1732 740 1798 detkius
754 1734 797 1816 Ι);
820 1733 991 1798 scholiasta
1012 1753 1129 1819 auceps
1151 1732 1272 1797 haeret.

345 1847 506 1934 Equidem
537 1848 679 1913 dixerim
706 1847 895 1912 Nauckium
920 1869 987 1912 rem
1011 1854 1096 1913 recte
1119 1848 1338 1931 intellexisse3
1362 1847 1429 1933 Py·

300 1960 388 2026 lades
410 1962 497 2026 enim
521 1962 555 2024 iu
579 1960 639 2025 hac
660 1960 770 2026 fabula
792 1969 899 2047 partes
921 1962 991 2047 agit
1013 1962 1119 2025 nullas
1132 1963 1169 2046 ⁹),
1192 1963 1246 2026 cui
1265 1963 1314 2026 rei
1333 1983 1428 2046 argu·

302 2082 446 2140 meutum
481 2074 603 2141 accedit
637 2075 721 2161 quod
755 2076 985 2160 gravissimum
1019 2082 1085 2139 est:
1117 2076 1206 2140 canis
1236 2076 1276 2142 de
1299 2076 1429 2141 homine

301 2189 422 2255 dictum
466 2192 500 2254 iu
542 2212 617 2266 eum
652 2212 795 2255 summas
828 2192 1038 2255 contumelias
1072 2193 1216 2277 congerit
1226 2194 1264 2274 ³),
1298 2191 1426 2276 qualem

238 2346 244 2360 ο
301 2306 463 2369 notionem
486 2305 539 2369 hic
561 2306 649 2369 locus
672 2304 907 2395 QHEQ
928 2306 1060 2392 respuit.

346 2418 460 2483 Altera
494 2418 674 2483 similitudo
709 2418 785 2484 iude
818 2418 991 2505 repetenda
1022 2426 1080 2500 est,
1112 2418 1196 2505 quod
1218 2439 1312 2483 canes
1335 2418 1428 2505 quasi

301 2532 470 2597 homiuum
493 2532 647 2598 satellites
670 2541 703 2597 et
723 2534 856 2598 comites
879 2541 965 2614 suut,
989 2532 1074 2619 quod
1092 2535 1162 2619 jam
1181 2534 1321 2618 legimus
1340 2532 1426 2619 apud

302 2643 482 2710 Homerum
502 2644 563 2710 Od.
586 2644 632 2728 Π,
659 2648 700 2710 10
712 2668 778 2743 sq.:

391 2796 433 2873 βῆ
456 2798 480 2877 ῥ’
504 2783 569 2874 ἴμεν
593 2798 634 2869 εἷς
657 2799 776 2883 ἀγορήν,
799 2798 932 2878 τοολοὶμγ
956 2799 983 2862 δ’
1008 2796 1062 2877 ἔχε
1084 2800 1216 2877 χάλκεον
1239 2797 1343 2881 ἔγχος,

391 2912 442 2974 ούκ
464 2905 530 2980 οἷος·
554 2909 622 2987 ύμοο
645 2913 686 2991 τῷ
709 2936 745 2989 γε
769 2911 824 2976 δύω
848 2911 930 2983 κύνες
953 2910 1037 2992 οὶργοὶ
1061 2909 1173 2995 ἕτοντο,

302 3061 387 3127 uude
409 3060 529 3126 factum
552 3069 601 3128 est
623 3070 663 3127 ut
683 3063 792 3150 aquilo
816 3063 942 3127 dicatur
964 3064 1038 3127 κύων
1064 3062 1132 3133 Διός
1156 3062 1271 3149 fragm.
1297 3063 1372 3126 166.

346 3174 454 3241 Semel
475 3177 558 3248 κύνες
581 3177 702 3258 βοτῆρες
725 3186 1024 3260 commemorantur,
1044 3177 1100 3240 Ai.
1121 3177 1184 3240 297
1198 3200 1207 3261 ;
1223 3197 1426 3264 saepegeue·

301 3291 362 3354 rali
383 3290 513 3356 nomine
535 3291 686 3356 dicuntur
709 3313 802 3357 canes
825 3293 860 3355 iu
887 3292 1046 3356 locutione
1068 3292 1135 3356 κυσὶ
1154 3292 1375 3372 προβάλλεσθαι
1394 3298 1427 3357 et

301 3405 474 3488 similibus,
487 3406 598 3491 quales
610 3416 686 3470 suut
697 3405 752 3470 Αἰ.
766 3407 842 3488 830,
856 3405 935 3471 Aut.
949 3408 1025 3488 206,
1039 3407 1115 3488 257,
1129 3407 1205 3487 697,
1221 3405 1424 3487 1017,1081.

304 3549 445 3556 ——

335 3626 364 3687 1)
381 3628 418 3677 lb.
436 3627 549 3694 pag.13.

334 3719 362 3783 t)
380 3719 442 3769 Vide
460 3719 609 3771 Nauckium
626 3721 659 3769 ad
676 3721 714 3770 El.
731 3719 771 3770 15.

335 3809 363 3875 3)
379 3810 416 3861 Cl.
436 3811 510 3861 Hom.
528 3813 556 3862 ll.
575 3810 646 3870 11111,
663 3810 726 3861 324:

532 3915 601 3964 ἀλλὰ
618 3914 649 3962 ού
666 3915 693 3975 γ’
714 3915 839 3978 αἰνοτάτη,
856 3915 911 3963 κύον
928 3915 1019 3979 allate,
1037 3916 1059 3964 εἰ
1074 3915 1141 3964 ’ἐτεόν
1159 3934 1191 3977 γε

535 4005 666 4068 τολμήσεις
682 4008 737 4062 Διὸς
753 4005 815 4054 ἄντα
833 4007 945 4066 πελώριον
960 4006 1039 4068 ’ἔγχος
1055 4003 1139 4066 ἀεῖραι.

301 4130 328 4174 et
345 4125 453 4176 Achillis
469 4125 546 4174 verba
563 4125 594 4174 ad
616 4125 751 4176 Hectorem
769 4125 799 4174 ll.
818 4124 899 4182 xm,
917 4122 982 4173 345:

534 4225 568 4287 μή
586 4244 618 4287 με
635 4225 689 4275 κύον
707 4226 796 4288 γούνων
814 4227 932 4292 γουνάζεο
949 4225 1012 4287 μηδὲ
1028 4226 1126 4283 τοκήων.

336 4343 413 4409 Soph-
430 4344 523 4408 fragm.
540 4341 605 4393 902:
623 4342 737 4391 σαίνουσα
755 4341 846 4398 δάκνεις
863 4341 906 4391 καὶ
922 4341 982 4390 κύννν
1000 4341 1129 4403 λκύύκργος
1143 4340 1177 4399 sn
1192 4343 1306 4407 denique
1314 4343 1427 4409 vulgaris

302 4451 367 4487 usus
383 4435 550 4501 comparativi
567 4433 681 4496 νύντεμς.
