3500 5375
866 698 929 761 120

326 881 366 945 ad
401 881 487 947 huuc
515 882 621 946 locum
653 882 737 947 inter
767 881 860 968 plura
884 881 980 946 dicit:
1008 888 1121 963 ,unter
1143 880 1329 962 ἕναριζομέναι
1353 881 1452 967 pflegt

330 1014 423 1075 ,man
458 993 510 1059 die
545 994 600 1059 des
634 992 960 1061 Sternenschmuckes
994 994 1148 1061 beraubte
1179 994 1287 1059 Nacht
1317 1016 1356 1058 nu
1381 1014 1450 1059 ver·

330 1107 470 1190 ,stabam
495 1128 560 1173 was
584 1107 652 1173 sich
676 1108 766 1173 nicht
790 1107 875 1173 wohl
902 1113 1046 1193 vertriigt
1067 1108 1129 1173 mit
1151 1107 1272 1176 cidaa.’'

234 1203 236 1207 ’
371 1221 524 1286 Attamen
549 1221 631 1285 mihi
655 1221 734 1287 haec
758 1227 842 1287 recte
862 1242 932 1287 sese
951 1220 1452 1286 haberevidenturetcommode

236 1420 238 1429 γ
326 1334 483 1420 explicari
507 1356 607 1421 posse.
631 1314 761 1401 Poetice
784 1342 816 1401 et
835 1336 916 1421 ipsis
936 1336 1032 1401 rebus
1044 1336 1270 1401 convenienter
1282 1332 1452 1421 Sophocles

325 1467 473 1512 auroram
504 1448 666 1532 describit,
689 1448 782 1513 modo
814 1455 851 1513 ut
874 1471 948 1513 eum
973 1448 1193 1534 intelligamus
1216 1470 1323 1513 rerum
1349 1448 1450 1534 ipsam

327 1566 473 1625 naturam
498 1562 662 1627 nobiscum
688 1568 885 1649 reputemus.

375 1673 503 1757 ,Nox,''
527 1675 635 1760 inquit
657 1681 759 1762 poeta,
787 1677 890 1762 ,parit
914 1675 1040 1760 diem'’;
1064 1697 1122 1741 nec
1145 1682 1252 1741 tamen
1265 1681 1451 1740 nocturnam

327 1787 497 1873 caliginem
538 1790 657 1871 statim,
692 1789 781 1853 nullo
816 1790 970 1876 temporis
1006 1795 1123 1875 puncto
1158 1789 1351 1872 intermisso,
1385 1789 1454 1854 dies

327 1902 483 1987 sequitur,
508 1900 563 1965 sed
594 1902 713 1966 sensim
739 1902 961 1988 paulatimque
984 1901 1153 1981 illucescit,
1178 1902 1281 1987 igitur
1302 1923 1364 1966 non
1388 1924 1454 1967 nox

328 2012 487 2077 sideribus
522 2013 626 2078 adhue
661 2014 904 2100 splendentibus
938 2014 1023 2078 diem
1062 2015 1155 2101 parit,
1187 2014 1242 2079 sed
1272 2035 1348 2097 nox,
1371 2034 1453 2100 quae
1479 2070 1482 2074 .

327 2126 439 2190 decore
463 2146 520 2189 suo
539 2127 656 2190 sensim
678 2128 782 2212 magis
795 2128 964 2213 magisque
976 2127 1140 2213 privatur:
1154 2124 1206 2201 νὺξ
1217 2126 1402 2207 ἐναριζομένικ
1418 2126 1453 2210 ¹).

373 2238 566 2325 Vespertino
596 2246 704 2305 autem
737 2247 881 2327 tempore
905 2263 969 2328 per
983 2241 1114 2327 aliquod
1136 2241 1290 2328 temporis
1313 2242 1453 2328 spatium

329 2351 434 2416 denuo
469 2352 627 2434 videmus,
663 2374 858 2440 quamquam
895 2356 1023 2419 inversa
1053 2356 1185 2438 ratione,
1216 2355 1349 2426 eandem
1372 2355 1455 2418 lucis

330 2470 514 2549 egestatem,
549 2485 644 2551 quam
681 2487 741 2530 non
778 2466 919 2553 amplius
953 2466 1038 2532 diem
1062 2489 1223 2550 vocamus,
1247 2467 1382 2533 necdum
1407 2473 1455 2532 est

329 2583 398 2641 atra
421 2598 497 2661 nox,
521 2577 576 2642 sed
601 2599 666 2643 nox
690 2580 810 2665 pariter
832 2602 893 2644 non
918 2580 1083 2645 stellarum
1105 2580 1454 2666 fulgoreuitens,qucd

330 2691 510 2777 crepusculi
530 2699 667 2778 tempus,
692 2694 720 2757 si
744 2676 875 2759 eandem
901 2695 1076 2779 imaginem
1101 2703 1201 2778 tenes,
1228 2696 1333 2761 vocari
1356 2695 1455 2783 possit

330 2803 382 2879 νὺξ
416 2805 599 2888 dispersim,
634 2827 716 2892 quae
751 2808 925 2893 explicatio
961 2809 989 2872 si
1022 2809 1150 2894 probari
1173 2816 1276 2896 potest
1298 2809 1455 2875 habemus

330 2918 461 2983 haecce:
485 2939 551 2983 nox
573 2925 743 3006 antequam
769 2919 854 2984 diem
879 2921 964 3006 parit
986 2943 1045 2985 suo
1069 2923 1171 2988 nitore
1194 2922 1360 3009 spoliatur,
1384 2944 1454 3009 spo·

329 3033 407 3097 licta
436 3036 544 3096 autem
574 3031 660 3097 diem
684 3032 724 3096 ad
748 3033 978 3119 quiescendum
1003 3034 1108 3100 denuo
1131 3035 1264 3121 recipit3
1288 3036 1352 3099 nisi
1375 3035 1455 3101 forte
1558 3043 1562 3047 ’

332 3153 453 3212 memte
476 3146 733 3233 interpunctione
758 3148 873 3212 melius
898 3148 1072 3215 scribatur:

529 3309 559 3374 ic
582 3309 668 3374 aidau
691 3307 743 3385 νὺξ
764 3311 951 3392 ἕναριζομὲνοι
974 3312 1064 3398 (dum
1088 3314 1256 3401 spoliatur)

531 3423 629 3496 τίκτει,
654 3422 825 3504 κατευνάζει
850 3450 883 3488 τε
906 3425 1131 3506 Φλογιζόμενον,

531 3533 634 3601 Ἄλιον
658 3533 761 3601 Ἅλιον
785 3539 869 3607 circi,

332 3694 368 3753 ut
401 3686 588 3767 ἐναριζομένοι
623 3693 748 3750 tantum
783 3687 941 3752 referatur
971 3689 1011 3752 ad
1043 3686 1095 3762 νὺξ
1118 3689 1217 3760 τίκτει,
1243 3687 1357 3753 deinde
1380 3689 1455 3752 sub-

330 3801 507 3867 stantivum
530 3797 582 3873 νύξ
604 3799 709 3864 denno
732 3800 996 3885 subintelligatur
1018 3808 1092 3866 ante
1117 3800 1300 3881 κατευνάζει.

367 4059 392 4122 1)
412 4060 449 4110 Ci.
468 4059 540 4110 Ovid.
558 4061 619 4110 Mel.
638 4061 669 4123 ll,
686 4059 746 4129 lid:

666 4151 806 4216 diffugiunt
823 4153 920 4214 stellae,
938 4167 1052 4216 quarum
1070 4154 1173 4218 agmina
1190 4153 1257 4218 cogit

515 4244 624 4308 Lucifer,
640 4249 666 4292 et
683 4243 745 4293 coeli
762 4243 873 4293 statione
891 4244 1047 4294 novissimus
1064 4245 1125 4294 exit.

516 4350 595 4399 quem
613 4340 698 4398 petere
718 4341 747 4384 ul
764 4340 846 4384 terras
864 4336 1046 4399 mundumque
1063 4336 1200 4385 rubescere
1219 4335 1290 4397 vidit,

515 4441 663 4490 cornuaque
679 4432 809 4476 extremae
827 4428 897 4476 velut
914 4441 1065 4476 evanescere
1082 4427 1168 4490 lunae,
1185 4440 1241 4490 sqq.
