3500 5375
770 1814 963 1822 ——-——-

349 2024 490 2091 Diffioile
523 2034 570 2091 eat
601 2027 634 2088 in
665 2032 753 2091 tanta
775 2034 840 2091 tam
866 2027 1028 2093 variarum
1053 2047 1161 2091 rerum
1185 2027 1276 2112 oopia
1299 1942 1477 2151 singulasi

304 2159 422 2223 genera
460 2140 505 2202 ita
539 2139 738 2224 distinguere
772 2147 869 2226 atque
904 2161 1072 2225 segregare
1106 2147 1142 2204 ut
1176 2139 1429 2226 unumquodque
1460 2159 1473 2258 p

304 2255 577 2339 comparationum
612 2261 644 2318 et
677 2255 921 2320 translationum
944 2276 1047 2341 genus
1069 2255 1109 2318 ab
1133 2255 1222 2320 omni
1244 2260 1333 2340 parte
1357 2275 1429 2339 per·
1461 2261 1465 2310 '-

304 2367 422 2432 feotum
449 2376 546 2454 atque
577 2369 772 2433 exhaustum
804 2370 856 2451 sit,
889 2370 1075 2455 praesertim
1099 2390 1173 2433 oum
1197 2367 1344 2454 plerique
1367 2366 1429 2431 loei
1464 2397 1469 2470 p

304 2482 378 2564 sint,
413 2483 529 2568 partim
565 2483 603 2547 de
638 2483 757 2569 quibus
787 2482 929 2547 dubitari
961 2490 1064 2569 potest
1094 2489 1222 2569 propter
1254 2482 1427 2572 anoipitem
1467 2473 1473 2596 ’ἱ

303 2602 450 2659 naturam
485 2597 613 2660 ouinam
649 2598 760 2681 generi
796 2598 914 2661 reotius
948 2596 1180 2678 adscribantur,
1217 2596 1333 2681 partim
1369 2595 1428 2681 qui

245 2719 247 2724 ’
304 2708 414 2775 eadem
438 2709 477 2774 de
500 2730 595 2774 eausa
617 2710 657 2774 ad
681 2710 774 2796 plura
797 2731 915 2796 genera
937 2711 1110 2797 pertinent.

349 2821 444 2888 Valet
468 2824 549 2889 illud
572 2824 612 2888 de
631 2823 701 2888 ΟΒ.
723 2825 785 2887 477
802 2845 870 2910 sqq.
891 2825 1000 2889 Attuli
1021 2846 1074 2888 eos
1086 2846 1198 2889 versus
1211 2824 1269 2889 ubi
1280 2823 1320 2888 de
1333 2823 1429 2888 rebus

304 2937 482 3022 pastorioiis
517 2939 701 3022 agebamus,
736 2946 769 3002 at
799 2940 827 3002 si
858 2939 932 3025 quis
955 2939 1036 3004 forte
1059 2939 1166 3025 potius
1189 2938 1353 3003 venationi
1375 2958 1428 3002 eos

302 3049 536 3132 adnumerabit‚
571 3073 629 3116 auo
659 3054 734 3137 jure
765 3052 822 3117 hoo
856 3053 961 3135 faciet,
985 3059 1081 3138 atque
1105 3052 1241 3116 arduum
1266 3053 1328 3116 erit
1351 3073 1426 3116 eum

304 3163 606 3251 refellereproptor
636 3166 697 3229 looi
725 3167 983 3251 ambiguitatem,
1008 3187 1110 3252 quum
1134 3166 1268 3230 verbum
1293 3165 1427 3250 ἰχνεύειν,

303 3277 387 3364 quod
411 3278 506 3364 paulo
529 3285 602 3343 ante
625 3281 807 3365 praecessit,
831 3279 871 3343 ad
896 3279 1056 3345 venatoris
1080 3264 1182 3344 artem
1207 3280 1375 3366 pertineat.

347 3391 464 3456 Itidem
488 3413 571 3477 quae
595 3392 634 3457 de
657 3391 741 3457 Sirio
766 3393 908 3457 vidimus
931 3395 1014 3457 alius
1034 3394 1113 3458 alibi
1127 3394 1286 3479 requiret3
1299 3400 1428 3480 propter

199 3523 201 3528 ’
302 3526 417 3571 nomen
440 3505 513 3570 κύων
537 3528 604 3572 rem
627 3510 761 3573 tractavi
785 3508 843 3571 ubi
863 3507 903 3572 de
923 3508 1019 3572 rebus
1039 3508 1212 3573 venatoriis
1225 3529 1328 3573 sermo
1341 3515 1427 3592 erat3

214 3673 216 3682 .
302 3619 357 3683 sed
379 3620 477 3684 etiam
500 3621 610 3686 eodem
630 3623 706 3706 jure
728 3621 981 3706 assignabuntur
1004 3622 1098 3686 rebus
1119 3604 1309 3708 pastorioiis‚
1324 3643 1426 3708 quum

301 3740 442 3818 pastores
476 3735 597 3820 pariter
626 3754 662 3798 ao
693 3742 859 3800 venatores
883 3756 998 3798 oanum
1023 3757 1082 3822 ope
1105 3736 1288 3822 indigeant3
1312 3737 1427 3802 deinde

302 3867 396 3911 nemo
425 3846 557 3932 negabit
589 3853 729 3932 pastores
761 3855 793 3912 et
817 3854 983 3913 venatores
1007 3848 1112 3914 sidera
1134 3850 1296 3915 interdum
1321 3850 1427 3916 obser·

182 4009 184 4014 .
302 3937 387 4043 vare,
407 3959 492 4045 quod
514 3959 626 4024 itidem
640 3967 746 4025 tamen
760 3961 844 4026 eadit
856 3961 891 4024 in
903 3962 1069 4047 agricolas,
1082 3970 1114 4028 et
1125 3964 1270 4027 omnium
1284 3964 1427 4028 maxime

290 4073 336 4136 ·in
357 4085 483 4138 nautas.

345 4187 452 4252 Etiam
483 4187 547 4251 alia
572 4188 726 4254 accedunt
755 4209 837 4275 quae
858 4189 943 4253 nulli
967 4189 1134 4254 hominum
1158 4192 1270 4275 generi
1296 4193 1426 4279 propria

300 4323 374 4366 oum
396 4303 461 4367 sint
482 4303 684 4387 nominanda,
708 4304 867 4390 pluribus,
891 4303 1010 4369 nedum
1030 4306 1153 4370 eunetis
1171 4306 1427 4391 jusundafuisse

301 4415 454 4480 eredibile
477 4421 525 4480 est
546 4415 573 4479 si
597 4415 630 4479 in
654 4437 766 4482 soaena
789 4423 987 4501 canerentur,
1012 4417 1091 4504 quia
1110 4424 1265 4505 perpetuo
1285 4421 1427 4486 rur-anti-
