3500 5375
812 930 887 996 XV.

303 1204 305 1209 ,
331 1141 457 1230 Injuria
479 1144 613 1230 Lipsius
637 1146 670 1208 in
695 1146 731 1207 4a
755 1143 895 1211 editione
918 1145 994 1210 libri
1018 1144 1231 1237 Sehoemanni
1253 1145 1293 1211 de
1317 1144 1411 1209 Anti-

286 1256 464 1341 quitatibus
494 1256 627 1322 Graeois
658 1257 699 1342 (I,
724 1278 795 1344 pag.
821 1259 897 1332 387)
921 1257 1019 1322 huius
1043 1258 1233 1323 sententiam
1256 1258 1296 1323 de
1320 1258 1411 1324 denis

198 1412 200 1417 2
283 1368 389 1433 demis
412 1369 445 1432 in
468 1370 606 1455 singulis
630 1370 882 1436 Atheniensium
905 1371 1056 1470 tribubus
1079 1371 1200 1456 rejecit.
1221 1370 1275 1455 (ef.
1295 1370 1343 1435 ed.
1358 1372 1411 1434 38Θ

286 1481 314 1565 I,
338 1503 410 1569 pag.
434 1484 523 1561 387.)

804 1645 897 1710 XVI.
956 1676 960 1681 ²

331 1784 426 1849 Luer.
451 1783 497 1868 ΙΙ,
522 1786 586 1848 456
600 1806 687 1872 sqq.:
944 1776 946 1779 ⁵

258 1914 260 1919 ¹
375 1924 493 1989 Omnia
516 1930 675 2011 postremo
698 1944 780 2011 quae
803 1930 921 2011 punoto
944 1930 1087 2009 tempore
1110 1923 1215 1988 earnis

375 2037 542 2125 diffugere,
567 2044 603 2102 ut
625 2038 751 2102 fumum
775 2038 921 2101 flammas
944 2037 1153 2123 nebulaeque,
1177 2043 1345 2120 neeessest,

262 2180 265 2187 ·
375 2152 403 2215 si
427 2153 535 2216 minus
558 2152 701 2217 omnibu’
724 2157 799 2217 sunt
822 2173 839 2216 e
862 2151 989 2217 levibus
1012 2158 1110 2237 atque
1132 2149 1292 2232 rutundis,

375 2271 408 2329 at
430 2287 492 2329 non
516 2287 585 2331 esse
607 2272 713 2331 tamen
738 2265 903 2352 perplexis
921 2259 1124 2351 indupedita.

330 2404 568 2487 Lachmannus,
595 2402 787 2470 Oreeehium
811 2425 958 2490 sequens,
982 2410 1074 2491 putat
1100 2403 1270 2485 „debuisse
1292 2403 1411 2468 Luere-

290 2520 391 2599 „tium
426 2518 585 2583 affirmare
618 2518 718 2596 fluida
754 2519 815 2582 ista
845 2518 1023 2604 pungentia
1046 2523 1078 2582 et
1097 2518 1296 2604 penetrantia
1318 2522 1412 2581 aeuta

290 2632 431 2714 „semina
453 2653 515 2697 non
540 2633 646 2697 minus
669 2651 763 2719 quam
789 2632 869 2698 levio
892 2639 921 2698 et
941 2632 1079 2698 rotundo
1098 2630 1292 2696 eontinere.’'

331 2747 475 2811 Lucretii
505 2747 667 2812 doetrinae
702 2747 805 2832 magis
840 2754 1088 2812 consentaneum
1124 2752 1172 2812 est
1205 2747 1239 2808 in
1268 2745 1309 2808 iis
1332 2764 1411 2830 quas

286 2870 453 2928 enumerat
475 2863 571 2927 rebus
593 2863 696 2926 aeutis
719 2861 898 2926 seminibus
921 2863 1027 2925 mixta
1046 2883 1115 2926 esse
1133 2861 1269 2926 rotundo
1288 2861 1409 2925 eudem-

286 2997 345 3061 qaa
367 2996 491 3060 aspero.

797 3137 911 3203 XVII.

332 3351 498 3438 Vergilius
534 3353 567 3415 in
602 3343 808 3417 describendo
842 3351 1023 3418 Laocoonte
1054 3351 1101 3415 ab
1128 3349 1290 3436 anguibus
1313 3349 1413 3435 petito

287 3466 383 3550 (Aen.
408 3463 453 3546 ΙΙ,
479 3466 542 3528 209
556 3468 638 3551 sqq.)
663 3485 724 3528 non
749 3465 888 3552 effigiem
915 3465 1085 3552 lapideam,
1108 3464 1163 3529 sed
1187 3463 1329 3528 fabulam
1355 3461 1411 3526 So·

287 3579 450 3665 phoelearn
474 3578 654 3664 respexisse
678 3576 814 3642 videtur.
