<?xml version="1.0" encoding="UTF-8"?>
<!DOCTYPE html PUBLIC "-//W3C//DTD XHTML 1.0 Transitional//EN"
    "http://www.w3.org/TR/xhtml1/DTD/xhtml1-transitional.dtd">
<html xmlns="http://www.w3.org/1999/xhtml" xml:lang="en" lang="en">
 <head>
  <title>
</title>
<meta http-equiv="Content-Type" content="text/html;charset=utf-8" />
  <meta name='ocr-system' content='tesseract 3.04.00' />
  <meta name='ocr-capabilities' content='ocr_page ocr_carea ocr_par ocr_line ocrx_word'/>
</head>
<body>
  <div class='ocr_page' id='page_1' title='image "./studiasophoclea00bosgoog_0085.png"; bbox 0 0 3500 5375; ppageno 0'>
   <div class='ocr_carea' id='block_1_1' title="bbox 859 704 901 766">
    <p class='ocr_par' dir='ltr' id='par_1_1' title="bbox 859 704 901 766">
     <span class='ocr_line' id='line_1_1' title="bbox 859 704 901 766; baseline -0.024 0"><span class='ocrx_word' id='word_1_1' title='bbox 859 704 901 766; x_wconf 78' lang='lat'><strong>73</strong></span> 
     </span>
    </p>
   </div>
   <div class='ocr_carea' id='block_1_2' title="bbox 309 887 1436 1205">
    <p class='ocr_par' dir='ltr' id='par_1_2' title="bbox 309 887 1436 1205">
     <span class='ocr_line' id='line_1_2' title="bbox 310 887 1436 976; baseline -0.002 -23"><span class='ocrx_word' id='word_1_2' title='bbox 310 888 429 955; x_wconf 85' lang='lat' dir='ltr'><strong>Aesoh.</strong></span> <span class='ocrx_word' id='word_1_3' title='bbox 465 890 581 975; x_wconf 86' lang='lat' dir='ltr'><strong>Agam.</strong></span> <span class='ocrx_word' id='word_1_4' title='bbox 616 891 719 973; x_wconf 77' lang='lat'>10673</span> <span class='ocrx_word' id='word_1_5' title='bbox 750 888 789 954; x_wconf 89' lang='lat' dir='ltr'><strong>de</strong></span> <span class='ocrx_word' id='word_1_6' title='bbox 812 889 971 976; x_wconf 76' lang='lat' dir='ltr'><strong>adjectivo</strong></span> <span class='ocrx_word' id='word_1_7' title='bbox 995 888 1113 971; x_wconf 76' lang='grc' dir='ltr'><em>ἀνθηρός</em></span> <span class='ocrx_word' id='word_1_8' title='bbox 1135 897 1242 955; x_wconf 87' lang='lat' dir='ltr'><strong>tamen</strong></span> <span class='ocrx_word' id='word_1_9' title='bbox 1266 887 1436 953; x_wconf 87' lang='lat' dir='ltr'><strong>Nauekius</strong></span> 
     </span>
     <span class='ocr_line' id='line_1_3' title="bbox 309 1002 1434 1091; baseline -0.001 -23"><span class='ocrx_word' id='word_1_10' title='bbox 309 1004 445 1070; x_wconf 88' lang='lat' dir='ltr'><strong>dubitat.</strong></span> <span class='ocrx_word' id='word_1_11' title='bbox 480 1005 690 1091; x_wconf 84' lang='lat' dir='ltr'><strong>Adjeotirum</strong></span> <span class='ocrx_word' id='word_1_12' title='bbox 725 1005 838 1085; x_wconf 68' lang='grc' dir='ltr'><em>χλωρός</em></span> <span class='ocrx_word' id='word_1_13' title='bbox 869 1007 939 1091; x_wconf 88' lang='lat' dir='ltr'><strong>jam</strong></span> <span class='ocrx_word' id='word_1_14' title='bbox 974 1010 1086 1069; x_wconf 90' lang='lat' dir='ltr'><strong>notum</strong></span> <span class='ocrx_word' id='word_1_15' title='bbox 1118 1011 1167 1069; x_wconf 90' lang='lat' dir='ltr'><strong>est</strong></span> <span class='ocrx_word' id='word_1_16' title='bbox 1198 1026 1240 1069; x_wconf 84' lang='lat' dir='ltr'><strong>ex</strong></span> <span class='ocrx_word' id='word_1_17' title='bbox 1273 1002 1434 1086; x_wconf 79' lang='lat' dir='ltr'><strong>Homer03</strong></span> 
     </span>
     <span class='ocr_line' id='line_1_4' title="bbox 309 1116 1027 1205; baseline 0 -22"><span class='ocrx_word' id='word_1_18' title='bbox 309 1124 442 1205; x_wconf 87' lang='lat' dir='ltr'><strong>apparet</strong></span> <span class='ocrx_word' id='word_1_19' title='bbox 465 1120 535 1205; x_wconf 87' lang='lat' dir='ltr'><strong>ejus</strong></span> <span class='ocrx_word' id='word_1_20' title='bbox 558 1118 753 1203; x_wconf 84' lang='lat' dir='ltr'><strong>signifieatio</strong></span> <span class='ocrx_word' id='word_1_21' title='bbox 775 1118 835 1184; x_wconf 90' lang='lat' dir='ltr'><strong>Od.</strong></span> <span class='ocrx_word' id='word_1_22' title='bbox 860 1116 922 1201; x_wconf 85' lang='lat' dir='ltr'><strong>IX,</strong></span> <span class='ocrx_word' id='word_1_23' title='bbox 945 1119 1027 1184; x_wconf 83' lang='lat'><strong>319:</strong></span> 
     </span>
    </p>
   </div>
   <div class='ocr_carea' id='block_1_3' title="bbox 486 1280 1301 1573">
    <p class='ocr_par' dir='ltr' id='par_1_3' title="bbox 486 1280 1301 1573">
     <span class='ocr_line' id='line_1_5' title="bbox 488 1280 1301 1362; baseline -0.002 -18"><span class='ocrx_word' id='word_1_24' title='bbox 488 1281 647 1353; x_wconf 79' lang='grc' dir='ltr'><em>Κύκλωπος</em></span> <span class='ocrx_word' id='word_1_25' title='bbox 670 1280 727 1362; x_wconf 71' lang='grc' dir='ltr'><strong>γὰρ</strong></span> <span class='ocrx_word' id='word_1_26' title='bbox 750 1280 840 1345; x_wconf 75' lang='grc' dir='ltr'><strong><em>ἔκειτο</em></strong></span> <span class='ocrx_word' id='word_1_27' title='bbox 864 1280 948 1358; x_wconf 74' lang='grc' dir='ltr'><em>μένω</em></span> <span class='ocrx_word' id='word_1_28' title='bbox 970 1282 1094 1361; x_wconf 79' lang='grc' dir='ltr'><em>ῥόπωλνν</em></span> <span class='ocrx_word' id='word_1_29' title='bbox 1117 1280 1199 1360; x_wconf 71' lang='grc' dir='ltr'><strong>παρὰ</strong></span> <span class='ocrx_word' id='word_1_30' title='bbox 1222 1283 1301 1359; x_wconf 77' lang='grc' dir='ltr'><em>σηκῷ</em></span> 
     </span>
     <span class='ocr_line' id='line_1_6' title="bbox 486 1392 1268 1476; baseline -0.001 -18"><span class='ocrx_word' id='word_1_31' title='bbox 486 1396 599 1476; x_wconf 80' lang='grc' dir='ltr'><em>χλωρὸν</em></span> <span class='ocrx_word' id='word_1_32' title='bbox 622 1394 758 1459; x_wconf 70' lang='grc' dir='ltr'><em>ἐλαΐνεον·</em></span> <span class='ocrx_word' id='word_1_33' title='bbox 782 1396 815 1459; x_wconf 82' lang='lat' dir='ltr'><strong>ri</strong></span> <span class='ocrx_word' id='word_1_34' title='bbox 839 1394 894 1471; x_wconf 82' lang='grc' dir='ltr'><strong>μὲν</strong></span> <span class='ocrx_word' id='word_1_35' title='bbox 917 1392 1046 1471; x_wconf 82' lang='grc' dir='ltr'><em>ἔκπωμεν</em></span> <span class='ocrx_word' id='word_1_36' title='bbox 1070 1393 1147 1474; x_wconf 78' lang='grc' dir='ltr'><em>ὄΦρω</em></span> <span class='ocrx_word' id='word_1_37' title='bbox 1170 1394 1268 1473; x_wconf 81' lang='grc' dir='ltr'><em>Φωροίν</em></span> 
     </span>
     <span class='ocr_line' id='line_1_7' title="bbox 486 1508 617 1573; baseline -0.008 -1"><span class='ocrx_word' id='word_1_38' title='bbox 486 1508 617 1573; x_wconf 66' lang='lat' dir='ltr'><strong>abortia</strong></span> 
     </span>
    </p>
   </div>
   <div class='ocr_carea' id='block_1_4' title="bbox 309 1670 1436 2653">
    <p class='ocr_par' dir='ltr' id='par_1_4' title="bbox 309 1670 1436 2324">
     <span class='ocr_line' id='line_1_8' title="bbox 354 1670 1436 1758; baseline -0.001 -22"><span class='ocrx_word' id='word_1_39' title='bbox 354 1672 462 1737; x_wconf 91' lang='lat' dir='ltr'><strong>Viridi</strong></span> <span class='ocrx_word' id='word_1_40' title='bbox 485 1673 595 1755; x_wconf 83' lang='lat' dir='ltr'><strong>saltus,</strong></span> <span class='ocrx_word' id='word_1_41' title='bbox 620 1674 766 1758; x_wconf 85' lang='lat' dir='ltr'><strong>gramine</strong></span> <span class='ocrx_word' id='word_1_42' title='bbox 789 1673 932 1758; x_wconf 83' lang='lat' dir='ltr'><strong>virgulto</strong></span> <span class='ocrx_word' id='word_1_43' title='bbox 955 1672 1123 1739; x_wconf 82' lang='lat' dir='ltr'><strong>arboribus</strong></span> <span class='ocrx_word' id='word_1_44' title='bbox 1142 1670 1342 1736; x_wconf 72' lang='lat' dir='ltr'>abundantes</span> <span class='ocrx_word' id='word_1_45' title='bbox 1361 1670 1436 1735; x_wconf 89' lang='lat' dir='ltr'><strong>inde</strong></span> 
     </span>
     <span class='ocr_line' id='line_1_9' title="bbox 309 1784 1436 1871; baseline -0.004 -18"><span class='ocrx_word' id='word_1_46' title='bbox 309 1787 447 1853; x_wconf 88' lang='lat' dir='ltr'><strong>audiunt</strong></span> <span class='ocrx_word' id='word_1_47' title='bbox 468 1787 584 1868; x_wconf 74' lang='grc' dir='ltr'><em>χλωρωὶ</em></span> <span class='ocrx_word' id='word_1_48' title='bbox 608 1787 723 1864; x_wconf 62' lang='lat' dir='ltr'><strong>{inirem</strong></span> <span class='ocrx_word' id='word_1_49' title='bbox 748 1785 814 1851; x_wconf 79' lang='lat'><strong>00.</strong></span> <span class='ocrx_word' id='word_1_50' title='bbox 840 1788 923 1871; x_wconf 79' lang='lat'><strong>6733</strong></span> <span class='ocrx_word' id='word_1_51' title='bbox 948 1786 988 1852; x_wconf 83' lang='lat' dir='ltr'><strong>ei.</strong></span> <span class='ocrx_word' id='word_1_52' title='bbox 1014 1787 1092 1850; x_wconf 86' lang='lat' dir='ltr'><strong>Ant.</strong></span> <span class='ocrx_word' id='word_1_53' title='bbox 1122 1786 1207 1848; x_wconf 83' lang='lat'>1132</span> <span class='ocrx_word' id='word_1_54' title='bbox 1230 1785 1335 1864; x_wconf 74' lang='grc' dir='ltr'><em>χλωρὰ</em></span> <span class='ocrx_word' id='word_1_55' title='bbox 1354 1784 1436 1849; x_wconf 71' lang='lat' dir='ltr'><strong>daria</strong></span> 
     </span>
     <span class='ocr_line' id='line_1_10' title="bbox 309 1898 1435 1986; baseline -0.002 -22"><span class='ocrx_word' id='word_1_56' title='bbox 309 1900 550 1979; x_wconf 64' lang='grc' dir='ltr'><strong><em>πολυστάφυλος.</em></strong></span> <span class='ocrx_word' id='word_1_57' title='bbox 576 1900 628 1963; x_wconf 79' lang='lat' dir='ltr'><strong>Ad</strong></span> <span class='ocrx_word' id='word_1_58' title='bbox 652 1901 841 1986; x_wconf 85' lang='lat' dir='ltr'><strong>sanguinem</strong></span> <span class='ocrx_word' id='word_1_59' title='bbox 866 1899 1056 1965; x_wconf 80' lang='lat' dir='ltr'><strong>transfertur</strong></span> <span class='ocrx_word' id='word_1_60' title='bbox 1080 1898 1195 1964; x_wconf 79' lang='lat' dir='ltr'><strong>Traoh.</strong></span> <span class='ocrx_word' id='word_1_61' title='bbox 1222 1900 1325 1963; x_wconf 76' lang='lat'>1055:</span> <span class='ocrx_word' id='word_1_62' title='bbox 1349 1901 1382 1963; x_wconf 81' lang='grc' dir='ltr'><strong>ἐκ</strong></span> <span class='ocrx_word' id='word_1_63' title='bbox 1404 1899 1435 1963; x_wconf 75' lang='grc' dir='ltr'><strong>δὲ</strong></span> 
     </span>
     <span class='ocr_line' id='line_1_11' title="bbox 311 2009 1433 2099; baseline -0.003 -21"><span class='ocrx_word' id='word_1_64' title='bbox 311 2016 423 2095; x_wconf 77' lang='grc' dir='ltr'><em>χλωρὸν</em></span> <span class='ocrx_word' id='word_1_65' title='bbox 446 2009 524 2090; x_wconf 65' lang='lat' dir='ltr'><strong>eluat</strong></span> <span class='ocrx_word' id='word_1_66' title='bbox 549 2038 606 2089; x_wconf 82' lang='grc' dir='ltr'><strong>μου</strong></span> <span class='ocrx_word' id='word_1_67' title='bbox 626 2015 768 2086; x_wconf 77' lang='grc' dir='ltr'><strong>πέπωκεν,</strong></span> <span class='ocrx_word' id='word_1_68' title='bbox 790 2016 813 2078; x_wconf 91' lang='lat' dir='ltr'><strong>i.</strong></span> <span class='ocrx_word' id='word_1_69' title='bbox 826 2036 853 2079; x_wconf 91' lang='lat' dir='ltr'><strong>e.</strong></span> <span class='ocrx_word' id='word_1_70' title='bbox 876 2016 989 2080; x_wconf 87' lang='lat' dir='ltr'><strong>virum</strong></span> <span class='ocrx_word' id='word_1_71' title='bbox 1009 2014 1210 2098; x_wconf 81' lang='lat' dir='ltr'><strong>sanguinem,</strong></span> <span class='ocrx_word' id='word_1_72' title='bbox 1223 2013 1281 2099; x_wconf 91' lang='lat' dir='ltr'><strong>qui</strong></span> <span class='ocrx_word' id='word_1_73' title='bbox 1292 2011 1433 2076; x_wconf 89' lang='lat' dir='ltr'><strong>nondum</strong></span> 
     </span>
     <span class='ocr_line' id='line_1_12' title="bbox 309 2127 1433 2214; baseline -0.004 -21"><span class='ocrx_word' id='word_1_74' title='bbox 309 2129 396 2210; x_wconf 90' lang='lat' dir='ltr'><strong>ooiit,</strong></span> <span class='ocrx_word' id='word_1_75' title='bbox 421 2127 475 2194; x_wconf 88' lang='lat' dir='ltr'><strong>sed</strong></span> <span class='ocrx_word' id='word_1_76' title='bbox 499 2128 569 2214; x_wconf 89' lang='lat' dir='ltr'><strong>ipso</strong></span> <span class='ocrx_word' id='word_1_77' title='bbox 592 2134 735 2214; x_wconf 89' lang='lat' dir='ltr'><strong>tempore</strong></span> <span class='ocrx_word' id='word_1_78' title='bbox 759 2149 777 2193; x_wconf 88' lang='lat' dir='ltr'><strong>e</strong></span> <span class='ocrx_word' id='word_1_79' title='bbox 800 2148 930 2213; x_wconf 84' lang='lat' dir='ltr'><strong>eorpore</strong></span> <span class='ocrx_word' id='word_1_80' title='bbox 953 2127 1102 2214; x_wconf 81' lang='lat' dir='ltr'><strong>profluit3</strong></span> <span class='ocrx_word' id='word_1_81' title='bbox 1126 2127 1313 2213; x_wconf 88' lang='lat' dir='ltr'><strong>(opponitur</strong></span> <span class='ocrx_word' id='word_1_82' title='bbox 1333 2127 1433 2205; x_wconf 70' lang='grc' dir='ltr'><em>ἀμφί-</em></span> 
     </span>
     <span class='ocr_line' id='line_1_13' title="bbox 311 2236 1144 2324; baseline -0.001 -18"><span class='ocrx_word' id='word_1_83' title='bbox 311 2244 425 2323; x_wconf 78' lang='grc' dir='ltr'><em>θρεπτνν</em></span> <span class='ocrx_word' id='word_1_84' title='bbox 448 2236 526 2317; x_wconf 65' lang='lat' dir='ltr'><strong>eirea</strong></span> <span class='ocrx_word' id='word_1_85' title='bbox 551 2240 666 2306; x_wconf 80' lang='lat' dir='ltr'><strong>Traah.</strong></span> <span class='ocrx_word' id='word_1_86' title='bbox 692 2243 766 2324; x_wconf 76' lang='lat'><strong>572,</strong></span> <span class='ocrx_word' id='word_1_87' title='bbox 790 2240 906 2306; x_wconf 80' lang='lat' dir='ltr'><strong>schol:</strong></span> <span class='ocrx_word' id='word_1_88' title='bbox 930 2242 963 2305; x_wconf 78' lang='lat' dir='ltr'><strong>ri</strong></span> <span class='ocrx_word' id='word_1_89' title='bbox 986 2240 1144 2320; x_wconf 72' lang='grc' dir='ltr'><em>πεπηγός).</em></span> 
     </span>
    </p>

    <p class='ocr_par' dir='ltr' id='par_1_5' title="bbox 309 2352 1436 2653">
     <span class='ocr_line' id='line_1_14' title="bbox 355 2352 1436 2441; baseline -0.002 -22"><span class='ocrx_word' id='word_1_90' title='bbox 355 2356 385 2419; x_wconf 83' lang='grc' dir='ltr'><strong>Α</strong></span> <span class='ocrx_word' id='word_1_91' title='bbox 421 2355 571 2440; x_wconf 81' lang='lat' dir='ltr'><strong>frugibus</strong></span> <span class='ocrx_word' id='word_1_92' title='bbox 605 2375 687 2441; x_wconf 89' lang='lat' dir='ltr'><strong>quae</strong></span> <span class='ocrx_word' id='word_1_93' title='bbox 719 2362 945 2420; x_wconf 82' lang='lat' dir='ltr'><strong>maturuerunt</strong></span> <span class='ocrx_word' id='word_1_94' title='bbox 974 2354 1110 2440; x_wconf 90' lang='lat' dir='ltr'><strong>ideoque</strong></span> <span class='ocrx_word' id='word_1_95' title='bbox 1142 2354 1302 2418; x_wconf 84' lang='lat' dir='ltr'><strong>molliores</strong></span> <span class='ocrx_word' id='word_1_96' title='bbox 1334 2352 1436 2417; x_wconf 80' lang='lat' dir='ltr'><strong>laetae</strong></span> 
     </span>
     <span class='ocr_line' id='line_1_15' title="bbox 309 2464 1432 2553; baseline -0.004 -20"><span class='ocrx_word' id='word_1_97' title='bbox 309 2474 384 2533; x_wconf 92' lang='lat' dir='ltr'><strong>sunt</strong></span> <span class='ocrx_word' id='word_1_98' title='bbox 413 2467 600 2553; x_wconf 89' lang='lat' dir='ltr'><strong>deprompta</strong></span> <span class='ocrx_word' id='word_1_99' title='bbox 631 2474 679 2532; x_wconf 87' lang='lat' dir='ltr'><strong>est</strong></span> <span class='ocrx_word' id='word_1_100' title='bbox 709 2470 815 2553; x_wconf 83' lang='lat' dir='ltr'><strong>imago</strong></span> <span class='ocrx_word' id='word_1_101' title='bbox 847 2465 915 2531; x_wconf 82' lang='lat'><strong>00.</strong></span> <span class='ocrx_word' id='word_1_102' title='bbox 947 2467 1031 2531; x_wconf 77' lang='lat'><strong>43⁷:</strong></span> <span class='ocrx_word' id='word_1_103' title='bbox 1055 2464 1097 2530; x_wconf 78' lang='grc' dir='ltr'><strong>ὅτ’</strong></span> <span class='ocrx_word' id='word_1_104' title='bbox 1120 2466 1173 2540; x_wconf 73' lang='grc' dir='ltr'><strong>ἤδη</strong></span> <span class='ocrx_word' id='word_1_105' title='bbox 1199 2470 1260 2537; x_wconf 70' lang='grc' dir='ltr'><strong>πως</strong></span> <span class='ocrx_word' id='word_1_106' title='bbox 1283 2466 1297 2530; x_wconf 86' lang='lat' dir='ltr'><strong>o‘</strong></span> <span class='ocrx_word' id='word_1_107' title='bbox 1320 2468 1432 2545; x_wconf 78' lang='grc' dir='ltr'><em>μόχθος</em></span> 
     </span>
     <span class='ocr_line' id='line_1_16' title="bbox 310 2577 779 2653; baseline 0 -8"><span class='ocrx_word' id='word_1_108' title='bbox 310 2577 342 2653; x_wconf 79' lang='grc' dir='ltr'><strong>ἦν</strong></span> <span class='ocrx_word' id='word_1_109' title='bbox 367 2580 476 2652; x_wconf 80' lang='grc' dir='ltr'><em>πέπων,</em></span> <span class='ocrx_word' id='word_1_110' title='bbox 501 2588 533 2646; x_wconf 84' lang='lat' dir='ltr'><strong>et</strong></span> <span class='ocrx_word' id='word_1_111' title='bbox 557 2579 672 2646; x_wconf 83' lang='lat' dir='ltr'><strong>Traeh.</strong></span> <span class='ocrx_word' id='word_1_112' title='bbox 700 2582 779 2645; x_wconf 74' lang='lat'>728:</span> 
     </span>
    </p>
   </div>
   <div class='ocr_carea' id='block_1_5' title="bbox 509 2744 1232 2942">
    <p class='ocr_par' dir='ltr' id='par_1_6' title="bbox 509 2744 1232 2942">
     <span class='ocr_line' id='line_1_17' title="bbox 510 2744 1232 2825; baseline 0.001 -16"><span class='ocrx_word' id='word_1_113' title='bbox 510 2746 581 2810; x_wconf 76' lang='grc' dir='ltr'><strong>ἀλλ’</strong></span> <span class='ocrx_word' id='word_1_114' title='bbox 611 2745 699 2824; x_wconf 76' lang='grc' dir='ltr'><strong>ἀμφὶ</strong></span> <span class='ocrx_word' id='word_1_115' title='bbox 723 2754 785 2817; x_wconf 79' lang='grc' dir='ltr'><strong>τοῖς</strong></span> <span class='ocrx_word' id='word_1_116' title='bbox 808 2752 953 2825; x_wconf 76' lang='grc' dir='ltr'><strong>σφαλεῖσι</strong></span> <span class='ocrx_word' id='word_1_117' title='bbox 978 2745 1022 2821; x_wconf 68' lang='grc' dir='ltr'><strong>μὴ</strong></span> <span class='ocrx_word' id='word_1_118' title='bbox 1045 2744 1078 2819; x_wconf 79' lang='grc' dir='ltr'><strong>ἐξ</strong></span> <span class='ocrx_word' id='word_1_119' title='bbox 1100 2746 1232 2818; x_wconf 78' lang='grc' dir='ltr'><em>ἑκουσίως</em></span> 
     </span>
     <span class='ocr_line' id='line_1_18' title="bbox 509 2861 735 2942; baseline 0.004 -17"><span class='ocrx_word' id='word_1_120' title='bbox 509 2864 576 2940; x_wconf 65' lang='grc' dir='ltr'><strong>ὀργὴ</strong></span> <span class='ocrx_word' id='word_1_121' title='bbox 602 2861 735 2942; x_wconf 75' lang='grc' dir='ltr'><em>πέπενρω·</em></span> 
     </span>
    </p>
   </div>
   <div class='ocr_carea' id='block_1_6' title="bbox 309 3023 1398 3110">
    <p class='ocr_par' dir='ltr' id='par_1_7' title="bbox 309 3023 1398 3110">
     <span class='ocr_line' id='line_1_19' title="bbox 309 3023 1398 3110; baseline 0.002 -24"><span class='ocrx_word' id='word_1_122' title='bbox 309 3023 393 3110; x_wconf 90' lang='lat' dir='ltr'><strong>quod</strong></span> <span class='ocrx_word' id='word_1_123' title='bbox 416 3023 455 3086; x_wconf 87' lang='lat' dir='ltr'><strong>ad</strong></span> <span class='ocrx_word' id='word_1_124' title='bbox 479 3024 669 3088; x_wconf 89' lang='lat' dir='ltr'><strong>sententiam</strong></span> <span class='ocrx_word' id='word_1_125' title='bbox 694 3024 809 3087; x_wconf 89' lang='lat' dir='ltr'><strong>attinet</strong></span> <span class='ocrx_word' id='word_1_126' title='bbox 832 3024 1082 3109; x_wconf 81' lang='lat' dir='ltr'><strong>comparandum</strong></span> <span class='ocrx_word' id='word_1_127' title='bbox 1106 3030 1155 3090; x_wconf 90' lang='lat' dir='ltr'><strong>est</strong></span> <span class='ocrx_word' id='word_1_128' title='bbox 1176 3025 1291 3110; x_wconf 82' lang='lat' dir='ltr'><strong>fragm.</strong></span> <span class='ocrx_word' id='word_1_129' title='bbox 1318 3025 1398 3088; x_wconf 82' lang='lat'>582:</span> 
     </span>
    </p>
   </div>
   <div class='ocr_carea' id='block_1_7' title="bbox 508 3182 1196 3265">
    <p class='ocr_par' dir='ltr' id='par_1_8' title="bbox 508 3182 1196 3265">
     <span class='ocr_line' id='line_1_20' title="bbox 508 3182 1196 3265; baseline 0.006 -17"><span class='ocrx_word' id='word_1_130' title='bbox 508 3182 585 3248; x_wconf 75' lang='grc' dir='ltr'><em>ἄκων</em></span> <span class='ocrx_word' id='word_1_131' title='bbox 609 3185 635 3247; x_wconf 77' lang='grc' dir='ltr'><strong>δ’</strong></span> <span class='ocrx_word' id='word_1_132' title='bbox 660 3183 800 3265; x_wconf 73' lang='grc' dir='ltr'><em>ἁμωρπὼν</em></span> <span class='ocrx_word' id='word_1_133' title='bbox 824 3185 899 3257; x_wconf 67' lang='grc' dir='ltr'><em>οὕτως</em></span> <span class='ocrx_word' id='word_1_134' title='bbox 923 3188 1075 3265; x_wconf 71' lang='grc' dir='ltr'><em>ἀνθρώπων</em></span> <span class='ocrx_word' id='word_1_135' title='bbox 1098 3189 1196 3260; x_wconf 70' lang='lat' dir='ltr'><strong>uarie.</strong></span> 
     </span>
    </p>
   </div>
   <div class='ocr_carea' id='block_1_8' title="bbox 354 3346 1335 3434">
    <p class='ocr_par' dir='ltr' id='par_1_9' title="bbox 354 3346 1335 3434">
     <span class='ocr_line' id='line_1_21' title="bbox 354 3346 1335 3434; baseline 0.004 -24"><span class='ocrx_word' id='word_1_136' title='bbox 354 3346 537 3432; x_wconf 88' lang='lat' dir='ltr'><strong>Opponitur</strong></span> <span class='ocrx_word' id='word_1_137' title='bbox 559 3349 645 3422; x_wconf 78' lang='grc' dir='ltr'><em>ὠμός,</em></span> <span class='ocrx_word' id='word_1_138' title='bbox 670 3347 755 3434; x_wconf 89' lang='lat' dir='ltr'><strong>quod</strong></span> <span class='ocrx_word' id='word_1_139' title='bbox 779 3349 932 3413; x_wconf 87' lang='lat' dir='ltr'><strong>translate</strong></span> <span class='ocrx_word' id='word_1_140' title='bbox 954 3348 1077 3414; x_wconf 83' lang='lat' dir='ltr'><strong>dictum</strong></span> <span class='ocrx_word' id='word_1_141' title='bbox 1101 3358 1149 3414; x_wconf 88' lang='lat' dir='ltr'><strong>est</strong></span> <span class='ocrx_word' id='word_1_142' title='bbox 1172 3351 1227 3417; x_wconf 85' lang='grc' dir='ltr'><strong>Αἱ.</strong></span> <span class='ocrx_word' id='word_1_143' title='bbox 1253 3352 1335 3415; x_wconf 84' lang='grc'>558;</span> 
     </span>
    </p>
   </div>
   <div class='ocr_carea' id='block_1_9' title="bbox 310 3511 1433 4091">
    <p class='ocr_par' dir='ltr' id='par_1_10' title="bbox 310 3511 1433 4091">
     <span class='ocr_line' id='line_1_22' title="bbox 509 3511 1231 3593; baseline 0.007 -21"><span class='ocrx_word' id='word_1_144' title='bbox 509 3511 580 3572; x_wconf 62' lang='grc' dir='ltr'><strong>ἀλλ’</strong></span> <span class='ocrx_word' id='word_1_145' title='bbox 605 3511 700 3574; x_wconf 74' lang='grc' dir='ltr'>αὐτίκ’</span> <span class='ocrx_word' id='word_1_146' title='bbox 726 3513 815 3588; x_wconf 78' lang='grc' dir='ltr'><em>ὠμοῖς</em></span> <span class='ocrx_word' id='word_1_147' title='bbox 838 3513 928 3575; x_wconf 70' lang='lat' dir='ltr'><strong>atriu</strong></span> <span class='ocrx_word' id='word_1_148' title='bbox 952 3513 980 3574; x_wconf 83' lang='grc' dir='ltr'><strong>ἐν</strong></span> <span class='ocrx_word' id='word_1_149' title='bbox 1004 3516 1098 3588; x_wconf 80' lang='grc' dir='ltr'><em>νόμως</em></span> <span class='ocrx_word' id='word_1_150' title='bbox 1122 3513 1231 3593; x_wconf 72' lang='grc' dir='ltr'><em>πατρὸς</em></span> 
     </span>
     <span class='ocr_line' id='line_1_23' title="bbox 509 3605 1150 3705; baseline 0.005 -18"><span class='ocrx_word' id='word_1_151' title='bbox 509 3625 556 3687; x_wconf 82' lang='grc' dir='ltr'><strong>δεῖ</strong></span> <span class='ocrx_word' id='word_1_152' title='bbox 576 3625 780 3701; x_wconf 79' lang='grc' dir='ltr'><em>πωλωδωμνεῒν</em></span> <span class='ocrx_word' id='word_1_153' title='bbox 803 3605 1029 3702; x_wconf 66' lang='grc' dir='ltr'><em>κωέομωνωῦσθων</em></span> <span class='ocrx_word' id='word_1_154' title='bbox 1052 3626 1150 3705; x_wconf 80' lang='grc' dir='ltr'><em>Φύσιν.</em></span> 
     </span>
     <span class='ocr_line' id='line_1_24' title="bbox 354 3770 1433 3857; baseline 0.008 -22"><span class='ocrx_word' id='word_1_155' title='bbox 354 3770 477 3836; x_wconf 81' lang='lat' dir='ltr'><strong>Sahal:</strong></span> <span class='ocrx_word' id='word_1_156' title='bbox 509 3778 556 3836; x_wconf 81' lang='grc' dir='ltr'><strong>νῦν</strong></span> <span class='ocrx_word' id='word_1_157' title='bbox 579 3775 611 3837; x_wconf 83' lang='grc' dir='ltr'><strong>τὸ</strong></span> <span class='ocrx_word' id='word_1_158' title='bbox 636 3777 725 3852; x_wconf 79' lang='grc' dir='ltr'><em>ὠμοῖς</em></span> <span class='ocrx_word' id='word_1_159' title='bbox 750 3777 786 3845; x_wconf 80' lang='grc' dir='ltr'><strong>ὡς</strong></span> <span class='ocrx_word' id='word_1_160' title='bbox 811 3776 892 3838; x_wconf 67' lang='grc' dir='ltr'><strong>κατὰ</strong></span> <span class='ocrx_word' id='word_1_161' title='bbox 916 3781 972 3839; x_wconf 81' lang='grc' dir='ltr'><strong>τῶν</strong></span> <span class='ocrx_word' id='word_1_162' title='bbox 996 3781 1121 3857; x_wconf 74' lang='grc' dir='ltr'><em>καρπῶν.</em></span> <span class='ocrx_word' id='word_1_163' title='bbox 1146 3775 1170 3842; x_wconf 83' lang='grc' dir='ltr'><strong>οἳ</strong></span> <span class='ocrx_word' id='word_1_164' title='bbox 1192 3776 1240 3841; x_wconf 71' lang='grc' dir='ltr'><strong>ὅτε</strong></span> <span class='ocrx_word' id='word_1_165' title='bbox 1262 3779 1334 3842; x_wconf 77' lang='grc' dir='ltr'><em>εἰσὶν</em></span> <span class='ocrx_word' id='word_1_166' title='bbox 1360 3780 1433 3854; x_wconf 79' lang='grc' dir='ltr'><strong>ὠμοὶ</strong></span> 
     </span>
     <span class='ocr_line' id='line_1_25' title="bbox 310 3885 777 3966; baseline 0.009 -17"><span class='ocrx_word' id='word_1_167' title='bbox 310 3885 489 3966; x_wconf 68' lang='grc' dir='ltr'><strong>σκληρότερον</strong></span> <span class='ocrx_word' id='word_1_168' title='bbox 511 3888 566 3950; x_wconf 77' lang='grc' dir='ltr'><strong>εἰσι</strong></span> <span class='ocrx_word' id='word_1_169' title='bbox 591 3888 640 3951; x_wconf 76' lang='lat' dir='ltr'><strong>real</strong></span> <span class='ocrx_word' id='word_1_170' title='bbox 666 3888 777 3964; x_wconf 76' lang='grc' dir='ltr'><em>ἶπωμνί.</em></span> 
     </span>
     <span class='ocr_line' id='line_1_26' title="bbox 355 3999 1379 4091; baseline 0.008 -28"><span class='ocrx_word' id='word_1_171' title='bbox 355 3999 481 4064; x_wconf 87' lang='lat' dir='ltr'><strong>Nomen</strong></span> <span class='ocrx_word' id='word_1_172' title='bbox 504 4001 613 4079; x_wconf 77' lang='grc' dir='ltr'><em>κωρπός</em></span> <span class='ocrx_word' id='word_1_173' title='bbox 637 4022 695 4087; x_wconf 88' lang='lat' dir='ltr'><strong>per</strong></span> <span class='ocrx_word' id='word_1_174' title='bbox 717 4002 937 4088; x_wconf 86' lang='lat' dir='ltr'><strong>metaphoram</strong></span> <span class='ocrx_word' id='word_1_175' title='bbox 961 4003 1134 4069; x_wconf 89' lang='lat' dir='ltr'><strong>adhibetur</strong></span> <span class='ocrx_word' id='word_1_176' title='bbox 1157 4004 1271 4091; x_wconf 84' lang='lat' dir='ltr'><strong>fragm.</strong></span> <span class='ocrx_word' id='word_1_177' title='bbox 1297 4007 1379 4071; x_wconf 80' lang='lat' dir='ltr'><strong>lli:</strong></span> 
     </span>
    </p>
   </div>
   <div class='ocr_carea' id='block_1_10' title="bbox 510 4148 1152 4231">
    <p class='ocr_par' dir='ltr' id='par_1_11' title="bbox 510 4148 1152 4231">
     <span class='ocr_line' id='line_1_27' title="bbox 510 4148 1152 4231; baseline 0.008 -17"><span class='ocrx_word' id='word_1_178' title='bbox 510 4153 559 4215; x_wconf 84' lang='grc' dir='ltr'><strong>οὐκ</strong></span> <span class='ocrx_word' id='word_1_179' title='bbox 582 4148 719 4229; x_wconf 67' lang='grc' dir='ltr'><strong>ἐξάγουσι</strong></span> <span class='ocrx_word' id='word_1_180' title='bbox 742 4152 851 4229; x_wconf 83' lang='grc' dir='ltr'><em>κωρπὸν</em></span> <span class='ocrx_word' id='word_1_181' title='bbox 874 4153 899 4216; x_wconf 83' lang='lat' dir='ltr'><strong>oi</strong></span> <span class='ocrx_word' id='word_1_182' title='bbox 921 4153 1039 4231; x_wconf 75' lang='grc' dir='ltr'><em>ψευδεῖς</em></span> <span class='ocrx_word' id='word_1_183' title='bbox 1062 4153 1152 4231; x_wconf 72' lang='grc' dir='ltr'><em>λόγον.</em></span> 
     </span>
    </p>
   </div>
   <div class='ocr_carea' id='block_1_11' title="bbox 310 4300 1433 4499">
    <p class='ocr_par' dir='ltr' id='par_1_12' title="bbox 310 4300 1433 4499">
     <span class='ocr_line' id='line_1_28' title="bbox 354 4300 1433 4392; baseline 0.006 -26"><span class='ocrx_word' id='word_1_184' title='bbox 354 4302 473 4368; x_wconf 82' lang='lat' dir='ltr'><strong>Eodem</strong></span> <span class='ocrx_word' id='word_1_185' title='bbox 499 4300 591 4366; x_wconf 89' lang='lat' dir='ltr'><strong>modo</strong></span> <span class='ocrx_word' id='word_1_186' title='bbox 614 4303 788 4388; x_wconf 84' lang='lat' dir='ltr'><strong>exaliqua</strong></span> <span class='ocrx_word' id='word_1_187' title='bbox 812 4325 845 4367; x_wconf 89' lang='lat' dir='ltr'><strong>re</strong></span> <span class='ocrx_word' id='word_1_188' title='bbox 868 4303 991 4368; x_wconf 85' lang='lat' dir='ltr'><strong>fruetus</strong></span> <span class='ocrx_word' id='word_1_189' title='bbox 1010 4324 1140 4389; x_wconf 80' lang='lat' dir='ltr'><strong>carpere</strong></span> <span class='ocrx_word' id='word_1_190' title='bbox 1159 4306 1356 4391; x_wconf 84' lang='lat' dir='ltr'><strong>exprimitur</strong></span> <span class='ocrx_word' id='word_1_191' title='bbox 1375 4328 1433 4392; x_wconf 89' lang='lat' dir='ltr'><strong>per</strong></span> 
     </span>
     <span class='ocr_line' id='line_1_29' title="bbox 310 4414 987 4499; baseline 0.001 -20"><span class='ocrx_word' id='word_1_192' title='bbox 310 4419 486 4497; x_wconf 63' lang='lat' dir='ltr'><strong>reprobatas</strong></span> <span class='ocrx_word' id='word_1_193' title='bbox 511 4414 626 4480; x_wconf 80' lang='lat' dir='ltr'><strong>Traoh.</strong></span> <span class='ocrx_word' id='word_1_194' title='bbox 651 4417 733 4499; x_wconf 81' lang='lat'>2043</span> <span class='ocrx_word' id='word_1_195' title='bbox 758 4415 797 4480; x_wconf 88' lang='lat' dir='ltr'><strong>of.</strong></span> <span class='ocrx_word' id='word_1_196' title='bbox 823 4416 878 4480; x_wconf 80' lang='grc' dir='ltr'><strong>Αἱ.</strong></span> <span class='ocrx_word' id='word_1_197' title='bbox 906 4418 987 4480; x_wconf 79' lang='lat'><strong>176:</strong></span> 
     </span>
    </p>
   </div>
   <div class='ocr_carea' id='block_1_12' title="bbox 0 0 1754 5375">
    <p class='ocr_par' dir='ltr' id='par_1_13' title="bbox 0 0 1754 5375">
     <span class='ocr_line' id='line_1_30' title="bbox 0 0 1754 5375; baseline 0 0"><span class='ocrx_word' id='word_1_198' title='bbox 0 0 1754 5375; x_wconf 95' lang='lat' dir='ltr'><strong> </strong></span> 
     </span>
    </p>
   </div>
  </div>
 </body>
</html>
