3500 5375
849 728 912 790 118

534 910 585 973 οὐκ
609 907 644 971 όιν
668 909 743 973 δυοῖν
766 906 906 988 ἥμαρτον·
931 907 947 981 ἢ
972 909 1030 988 wip
1053 908 1088 973 όιν
1102 916 1210 984 καλῶς

535 1020 618 1085 ἔσωσ’
643 1022 774 1099 ἐμαυτὴν
799 1022 815 1097 ἢ
840 1026 938 1094 καλῶς
961 1021 1134 1100 οῖπωλόμκν,

313 1180 432 1266 quibus
459 1183 555 1245 etiam
582 1182 690 1268 plures
712 1183 774 1249 loci
797 1183 872 1248 addi
897 1190 1028 1269 possunt
1052 1183 1110 1249 ubi
1135 1185 1268 1250 verbum
1294 1207 1351 1272 per
1375 1208 1440 1250 me·
1475 1213 1480 1223 ¹

313 1292 478 1379 tapboram
514 1293 696 1359 adhibitum
732 1296 895 1382 significat
928 1296 1163 1361 aberrationem
1198 1298 1239 1362 ab
1274 1298 1315 1361 iis
1346 1297 1440 1362 robus

314 1427 393 1493 quas
427 1406 498 1472 fieri
534 1427 591 1493 par
624 1415 682 1472 est.
718 1407 808 1473 Idem
845 1408 931 1472 valet
960 1408 1000 1473 de
1025 1409 1122 1474 verbo
1145 1411 1331 1493 damnareris,
1356 1408 1440 1495 quod

314 1520 442 1605 proprio
475 1519 595 1605 legitur
627 1541 723 1585 sensu
758 1521 836 1584 Ant.
875 1522 979 1584 1233:
1014 1522 1047 1583 ἐκ
1077 1521 1103 1584 δ’
1134 1519 1300 1601 ὁρμωμένου
1331 1526 1439 1600 πατρὸς

215 1682 217 1685 .
314 1640 461 1711 φυγαῖσιν
491 1626 653 1710 ἤμπλακες
685 1633 836 1698 translate
866 1640 974 1699 autem
1007 1634 1126 1698 dicitur
1149 1633 1227 1698 Ant.
1253 1635 1335 1699 5543
1359 1637 1440 1711 κοῖμ-

314 1745 420 1809 πλοόκω
457 1751 508 1810 τοῦ
540 1752 590 1809 σοῦ
615 1746 711 1830 μόρου,
736 1747 779 1811 ib.
805 1768 851 1812 vs.
878 1749 961 1810 9103
984 1748 1009 1811 εἰ
1032 1746 1108 1811 τοῦδ’
1139 1746 1309 1830 ἤμπλακον,
1332 1747 1372 1812 cf.
1397 1747 1441 1811 ib,

317 1880 361 1923 vs.
387 1860 447 1922 51:
472 1860 681 1935 αμπλοῖκκμα.
783 1872 784 1877 ’

359 1972 489 2055 Furiae,
521 1993 603 2058 quae
627 1964 792 2059 nunquam
819 1974 851 2036 in
878 1972 1041 2060 puniendo
1063 1974 1208 2038 malefico
1230 1981 1347 2056 errant,
1371 1961 1449 2046 ideo,

317 2086 470 2150 dicuntur
491 2087 697 2159 οῖναπλόκκτοι
721 2086 791 2151 OR.
822 2088 896 2169 472,
920 2087 960 2153 cf.
987 2086 1103 2151 Tracb.
1127 2089 1207 2151 1213
1228 2088 1275 2159 τῖς
1295 2090 1361 2152 όεοῖν
1381 2088 1442 2151 αἰὲν

317 2199 557 2274 οὲναμπλόκνιτον
582 2198 673 2279 Ἅιδα
698 2204 758 2280 σφε
781 2201 876 2275 δόμων
899 2200 998 2278 ε’ρόκει.

363 2310 510 2375 Verbum
554 2313 714 2391 τυρχόνειν
758 2314 886 2400 proprio
920 2334 1016 2377 sensu
1054 2335 1203 2399 ,scopum
1239 2314 1345 2378 icere’'
1380 2334 1442 2377 non

318 2428 455 2489 occurrit
477 2426 562 2512 apud
587 2424 794 2513 Sophoclem3
818 2426 1055 2512 metaphoricus
1078 2448 1156 2490 usus
1175 2434 1282 2490 tamen
1301 2427 1443 2490 tamlate

319 2544 406 2623 patet
429 2544 465 2601 ut
488 2538 618 2623 longum
642 2540 684 2602 sit
707 2560 816 2603 omnes
839 2539 999 2624 ejusmodi
1023 2539 1106 2603 locos
1129 2540 1335 2626 conquirere;
1354 2538 1442 2602 suffi-

319 2651 405 2716 ciant
427 2649 477 2715 El.
502 2652 563 2716 31:
587 2653 613 2716 εῖ
635 2654 685 2728 μή·
703 2676 730 2716 τι
754 2657 849 2732 καιροῦ
872 2652 1028 2736 τυχχοόνω,
1052 2651 1139 2716 Phil.
1165 2653 1247 2716 619:
1271 2651 1442 2716 καὶτούτων

318 2764 394 2844 κόρα
417 2765 531 2842 τέμνειν
555 2767 655 2845 ἐφεῖτο
678 2769 718 2844 τῷ
743 2766 850 2830 όόλοντι
875 2767 919 2843 μὴ
943 2768 1053 2845 τυχών.

363 2877 438 2943 Huc
476 2878 615 2964 denique
651 2881 789 2965 pertinet
822 2880 997 2944 secuudum
1033 2880 1236 2946 scholiastam
1272 2882 1327 2948 Αἰ.
1359 2882 1441 2945 9763

319 2992 443 3070 βοῶντος
478 2992 552 3065 όιτκς
586 2994 675 3066 ταῖσδε
705 2994 860 3058 ἐπίσκοτον
893 2994 1003 3078 ultor,
1035 2977 1264 3080 interpretatur
1287 2994 1358 3060 ille:
1384 2998 1443 3074 οὐχ

318 3104 486 3186 ἡμαρτηκός
517 3111 570 3179 τῆς
593 3109 749 3186 συμφοραῖς
774 3107 845 3170 αλλ’
870 3107 1101 3190 ἐστοχασμένον,
1125 3107 1165 3172 cf.
1191 3106 1378 3173 Nauckium
1402 3107 1443 3172 ad

318 3219 404 3282 bunc
428 3219 542 3284 locum.

365 3331 445 3396 Tela
470 3331 618 3417 jacienda
649 3337 792 3418 spectant
824 3332 903 3399 Ant.
932 3333 1033 3396 1088:
1057 3330 1104 3397 ἵνα
1127 3335 1175 3396 τὸν
1198 3334 1285 3410 όνμὸν
1309 3329 1389 3404 οὗτος
1413 3335 1443 3404 ἐς

321 3444 467 3525 νεωτέρους
490 3445 568 3524 οὶφῇ,
592 3442 658 3512 00.
684 3446 766 3509 7313
793 3448 865 3521 μήτ’
892 3446 988 3526 ἀφῆτ’
1014 3444 1081 3517 ἔπος
1104 3445 1200 3509 κακόν.

366 3559 507 3624 Insidiae
530 3539 588 3645 per
611 3558 828 3645 metaphoram
853 3566 1144 3624 commemorantur
1167 3559 1244 3626 Ant.
1269 3560 1365 3641 1074,
1388 3559 1444 3623 ubi

320 3671 450 3754 Furiae,
474 3692 556 3758 quae
580 3693 707 3758 semper
725 3672 893 3737 bominum
908 3672 1074 3736 malefacta
1086 3672 1257 3737 observant
1269 3679 1445 3759 uttempus

320 3791 417 3872 atque
447 3786 642 3850 occasionem
674 3805 849 3871 poenarum
881 3784 1115 3870 exigendarum
1140 3786 1234 3871 quasi
1259 3787 1291 3849 in
1317 3785 1445 3849 insidiis

319 3898 447 3963 abditae
470 3898 684 3986 speculentur,
707 3898 895 3963 mortalibus
914 3898 1061 3962 insidiari
1081 3898 1250 3962 dicuntur:

543 4049 650 4114 τούτων
673 4074 706 4113 σε
729 4050 896 4128 λωβκτῖιρες
921 4049 1113 4129 ὑστεροφθόροι

544 4167 670 4242 λοχῶσιν
694 4160 796 4224 Ἃιδου
819 4161 871 4224 καῖ
895 4164 960 4225 θεῶν
983 4162 1118 4239 Ἐρινύες,

323 4314 362 4379 cf.
388 4313 439 4378 El.
464 4315 546 4378 490:
569 4314 591 4377 οὶ
614 4314 713 4384 δεινοῖς
737 4313 923 4391 κρυπτομένα
947 4311 1046 4390 λόχοις
1071 4311 1245 4390 χαλκόπους
1268 4292 1388 4390 Ἐρινύς.

368 4427 523 4518 Sequitur
549 4426 619 4491 ΟΒ.
644 4427 725 4492 1983
750 4424 776 4490 εῖ
796 4450 823 4488 τι
844 4424 896 4501 νὺξ
917 4427 994 4506 ἁφῇ,
1019 4427 1100 4490 τοῦτ’
1124 4425 1172 4489 ἐπ’
1202 4422 1281 4506 ἦμαρ
1305 4424 1444 4511 ἔρχεταις
