3500 5375
877 744 919 806 66

292 912 296 1012 l
375 930 521 997 Verbum
557 930 638 1013 ρνζόω
673 932 773 997 semel
806 937 931 996 tantum
965 932 1095 1017 legitur,
1123 930 1190 997 00.
1218 934 1321 996 1591:
1346 933 1461 1013 ἀφῖκτο

290 1023 293 1114 l
330 1044 392 1108 ab
416 1051 543 1123 χαλκοῖς
568 1043 684 1125 βοὶθρονς
708 1046 795 1123 γῆθεν
819 1045 1009 1125 ε’ρρνζωμένον.

286 1119 323 1263 ld
374 1155 437 1222 Sed
469 1157 667 1224 redeundum
701 1163 749 1223 est
779 1157 819 1223 ad
844 1159 979 1223 verbum
1004 1157 1085 1239 otpc‘c.
1111 1140 1150 1221 ln
1176 1141 1363 1225 uuiversum
1389 1181 1460 1246 per·
1490 1156 1495 1256 l

330 1272 451 1337 multae
474 1271 689 1358 metaphorae,
713 1272 754 1336 ab
776 1272 976 1357 agricultura
1000 1273 1216 1360 depromptae,
1237 1273 1277 1337 ad
1297 1274 1460 1338 matrimo·
1493 1273 1496 1302 ¹

328 1385 419 1449 nium
451 1386 696 1451 transferuntur.
730 1384 784 1451 Sic
807 1386 943 1451 verbum
967 1386 1038 1467 ἀροω
1061 1386 1235 1452 adhibetur
1258 1387 1328 1453 ΟΒ.
1356 1388 1460 1453 1417:
1493 1465 1499 1475 ⁴

327 1500 381 1572 τὴν
411 1506 552 1565 τεκοῦσαν
575 1500 689 1584 ἥροσεν;
713 1501 754 1566 of.
778 1501 823 1565 ib.
850 1502 936 1566 1485
958 1500 988 1573 ὃς
1014 1502 1085 1579 ὑμῖν
1109 1503 1207 1581 πατὴρ
1231 1502 1360 1583 idcircone
1384 1502 1460 1567 ἔνθεν

328 1614 415 1685 αὐτὸς
438 1616 545 1695 ἠράθνν.
568 1614 687 1679 Eodem
711 1615 803 1680 modo
823 1616 1062 1681 substantivum
1087 1618 1189 1697 ἄρουρα
1201 1623 1378 1704 usurpatur
1388 1615 1459 1682 ΟΒ.

332 1727 442 1794 12572
467 1725 604 1808 μητρῴαν
636 1726 706 1793 ὅσον
729 1729 808 1809 κίχον
831 1730 938 1803 διπλῆν
961 1731 1079 1809 ἄρουραν
1101 1726 1132 1793 οὖ
1154 1755 1188 1793 τε
1213 1729 1264 1794 καὶ
1288 1730 1403 1801 σὲκνων,
1429 1736 1461 1795 et

329 1839 525 1926 adjectivum
560 1842 715 1921 αρώσνρος,
745 1842 830 1929 quod
854 1842 978 1929 abjecte
1002 1842 1134 1909 adhibet
1157 1841 1260 1908 Creon
1285 1848 1320 1907 ut
1343 1844 1460 1927 filium,

331 1974 465 2039 sponsae
499 1974 608 2020 amore
642 1955 796 2039 neglecto,
833 1962 961 2020 moneat
993 1956 1073 2020 alias
1108 1956 1251 2041 virgines
1282 1978 1460 2043 superesse,
1528 1968 1531 1973 ’

276 2037 286 2076 ⁰
330 2068 438 2133 omnia
463 2073 587 2133 tantum
610 2067 650 2132 ad
673 2070 842 2135 libidinem
868 2070 1020 2151 referens,
1045 2071 1120 2135 Ant.
1146 2072 1227 2135 569:

277 2127 287 2177 l

528 2244 668 2325 σὶρώσνμον
691 2244 749 2326 γὰρ
772 2245 906 2325 χὰτέρων
929 2245 1000 2309 εἰσὶν
1023 2245 1101 2323 γύαι.

373 2418 532 2485 Videmus
563 2418 623 2484 hoc
654 2420 721 2485 loco
744 2420 842 2484 etiam
867 2440 962 2483 usum
987 2419 1075 2484 vocis'
1098 2420 1191 2503 γύνςς
1214 2420 1364 2484 convenit
1387 2419 1459 2484 ΟΒ.

335 2535 437 2598 1211ε
461 2536 594 2614 πατρῷαι
618 2521 733 2606 dacusa.
756 2533 966 2619 Adjectivum
990 2533 1104 2612 χέρσος,
1130 2532 1213 2618 quod
1236 2533 1299 2598 dici
1319 2534 1400 2599 solet
1419 2534 1459 2599 de

329 2655 414 2714 terra
444 2647 625 2731 infecunda,
650 2646 830 2713 traducitur
852 2646 893 2712 ad
917 2646 1092 2735 Oedipodis
1116 2647 1210 2730 filias,
1234 2648 1353 2734 quibus
1377 2668 1458 2714 nun-

331 2783 429 2849 quam
453 2763 557 2849 prolss
580 2763 642 2827 erit
665 2761 735 2825 ΟΒ.
764 2761 860 2825 1502.

375 2875 428 2940 Ad
463 2875 574 2940 arandi
608 2881 709 2940 artem
741 2875 838 2941 etiam
870 2875 1010 2961 pertinet
1040 2875 1158 2959 imago,
1182 2895 1278 2961 quam
1302 2874 1458 2941 habemus

330 2988 418 3054 Phil.
444 2989 548 3053 1238:

534 3163 579 3235 ab
602 3163 702 3228 sacra
725 3163 824 3242 βούλεο
848 3164 898 3228 καὶ
921 3164 982 3244 τρὶς
1005 3165 1164 3227 ἀναπολεῖν
1187 3163 1221 3239 μ’
1245 3161 1320 3238 ἔσῃ

331 3339 446 3404 schol:
482 3339 541 3403 cirri
572 3343 628 3402 τῶν
660 3337 787 3418 δεύτερον
817 3339 1040 3402 οὶνασολσύνσονν
1071 3340 1123 3412 τὴν
1155 3338 1359 3419 ν’ροτρναμέννρν
1383 3346 1458 3417 γῆνς

331 3453 372 3520 cf.
404 3451 530 3518 Nauck.
564 3452 603 3516 ad
631 3451 718 3516 hunc
740 3452 856 3517 locum.
881 3450 1030 3538 Suspicio
1053 3452 1166 3534 oritur,
1189 3473 1268 3516 num
1293 3451 1373 3518 forte
1397 3451 1460 3518 huc

248 3623 252 3634 .
331 3569 427 3660 etiam
451 3565 642 3632 trahendum
667 3566 710 3630 sit
731 3586 845 3631 nomen
872 3567 1086 3644 θαλαμηπόλος
1110 3564 1180 3631 OR.
1209 3567 1304 3630 1209.

274 3733 298 3796 <6
375 3681 450 3746 dam
474 3679 643 3746 dicendum
668 3686 715 3744 est
738 3678 777 3745 do
800 3679 909 3745 verbis
932 3678 1136 3766 Neoptolemi
1159 3678 1247 3744 Phil.
1276 3680 1337 3743 162
1350 3701 1414 3766 sq.:

528 3845 615 3918 δῆλον
637 3841 734 3922 ἔρραν’
758 3844 795 3917 ὧν
818 3843 934 3924 Ovidis
956 3844 1044 3925 νοσεῖν

528 3957 630 4036 στίβον
653 3957 772 4036 ὀγροεύεο
795 3956 989 4049 τῇδεισέλας
1012 3979 1076 4021 πον.

372 4122 538 4189 Lueckius
572 4120 659 4187 huno
692 4121 799 4186 locum
830 4123 980 4188 tractavit
1009 4120 1037 4205 I,
1061 4143 1133 4209 pag.
1162 4123 1213 4206 15,
1237 4123 1295 4187 ubi
1318 4123 1455 4189 aliorum

329 4237 495 4325 opiniones
519 4243 701 4323 percenset:
725 4242 801 4300 sunt
823 4236 881 4322 qui
904 4235 1013 4301 dicant
1035 4236 1210 4322 imaginem
1235 4234 1456 4324 depromptam

328 4373 398 4419 esse
432 4371 452 4414 a
481 4349 693 4433 metentibus3
728 4349 786 4413 alii
817 4355 926 4414 tamen
956 4349 1145 4416 existimant
1174 4355 1316 4414 aratrum
1340 4353 1457 4439 respici

328 4465 418 4532 tarde
453 4462 669 4550 progrediens.
704 4461 871 4529 Lueckius
906 4465 1034 4530 tertiam
1070 4462 1160 4527 addit
1189 4463 1456 4550 explicationem:
