3500 5375
870 733 891 796 5

312 917 420 978 autem
444 912 564 979 dicitur
585 917 765 989 λευκόπωλος
791 916 845 983 Αἰ.
871 920 946 984 673.
970 918 1090 985 hlodem
1111 922 1272 1007 pertinent
1291 922 1436 988 Tiresiae

313 1027 411 1093 verba
433 1026 512 1093 Ant.
539 1030 641 1094 1064:

533 1194 605 1256 αλλ’
629 1188 660 1256 εὖ
682 1193 719 1271 ye'
742 1218 783 1258 ποι
807 1195 921 1259 adsueti
945 1196 988 1273 μὴ
1012 1196 1138 1268 πολλοὺς
1162 1195 1204 1260 ἔπι

533 1308 654 1386 πρόχους
677 1306 885 1385 ἁμιλλητῆρας
909 1306 987 1382 ἶν’λιον
1009 1316 1114 1373 τελεῖν.

311 1468 368 1553 qui
391 1468 479 1533 loous
501 1490 558 1533 nos
582 1476 746 1557 praeterea
768 1470 857 1536 duoit
879 1470 920 1535 ad
943 1470 1009 1536 00.
1038 1474 1141 1537 1062:

532 1636 666 1699 πώλοισιν
690 1636 705 1709 ἢ
731 1636 951 1717 ῥιμφαρμοὶπας

532 1749 692 1829 Φεύγοντος
715 1749 869 1827 ἁμίλλαις.

355 1909 444 1973 Aiax
468 1910 507 1975 de
530 1910 629 1975 filiolo
653 1933 720 1994 suo,
745 1933 840 1998 quern
865 1934 961 1978 saevo
984 1913 1106 1977 rumori
1129 1912 1245 1977 bellino
1267 1911 1434 1977 assuefieri

309 2029 442 2110 oportet,
466 2024 525 2089 hao
549 2026 734 2112 metaphora
758 2027 862 2092 utitur
884 2026 940 2091 Al.
967 2028 1052 2090 547:

531 2178 601 2240 αλλ’
625 2177 722 2241 αὐτίκ’
747 2179 834 2254 ὠμοῖς
858 2178 945 2242 αὐτὸν
968 2178 996 2241 ἕν
1020 2175 1115 2253 νόμοις
1139 2177 1248 2257 πατρὸς

530 2291 578 2354 δεῖ
597 2291 800 2367 πωλοδαμνεῖν
824 2288 1047 2367 καξοαοιοῦσθαι
1070 2290 1167 2372 Φύσιν.

353 2440 531 2525 Aegisthus
555 2441 685 2505 domum
710 2462 868 2524 reversus,
892 2448 1059 2527 postquam
1083 2439 1210 2505 audivit
1229 2440 1372 2505 fabulam
1393 2441 1432 2507 de

310 2556 444 2621 Orestae
467 2561 578 2638 morte,
603 2562 709 2642 sperat
732 2556 799 2620 fore
823 2562 860 2620 ut
878 2558 946 2642 jam
967 2577 1060 2620 nemo
1078 2576 1161 2619 vana
1179 2577 1235 2641 spe
1255 2555 1358 2620 elatus
1369 2555 1434 2620 sibi

307 2670 341 2734 in
365 2675 528 2757 posterum
553 2669 665 2753 obstet,
689 2669 744 2736 sed
764 2675 800 2734 ut
820 2670 958 2756 quisque
978 2668 1052 2752 sibi,
1066 2668 1193 2735 etiamsi
1206 2668 1345 2754 sitregis
1358 2690 1430 2757 par-

307 2784 407 2849 rioida
436 2785 632 2871 reginaeque
654 2785 800 2868 adulter,
832 2806 952 2850 morem
967 2786 1078 2872 [gerat
1104 2805 1204 2870 quum
1229 2785 1333 2850 omnis
1357 2807 1429 2872 spes

306 2919 375 2962 sero
399 2897 529 2963 demum
553 2899 730 2964 evanuerit·
744 2899 829 2984 regis
851 2898 956 2962 filium
980 2897 1080 2984 patris
1100 2898 1235 2963 ultorem
1257 2906 1429 2964 venturum

306 3033 383 3076 esse.
415 3011 580 3099 Equorum
612 3015 712 3078 instar
741 3013 858 3099 ruique
888 3011 1101 3077 obediendum
1126 3013 1197 3096 erit,
1221 3013 1306 3099 quod
1329 3015 1429 3100 signi·

306 3125 380 3190 ficut
403 3147 460 3212 per
482 3127 592 3202 σοι’,αια
616 3126 754 3205 δέχεσθαι
778 3125 827 3190 ΕΙ.
855 3126 951 3189 1462.

350 3239 492 3304 Frenum
505 3260 563 3326 per
574 3239 792 3326 metaphoram
805 3239 910 3304 denuo
922 3246 1189 3304 commemoratur
1202 3239 1316 3305 Traoh.
1333 3242 1428 3306 1260.

306 3351 464 3418 Heroules
497 3353 659 3419 doloribus
688 3355 859 3434 eruciatus,
890 3353 993 3417 animi
1021 3353 1217 3418 continentia
1246 3355 1366 3419 evincit
1388 3377 1428 3421 ne

307 3469 416 3554 ejulet,
440 3489 522 3554 quae
544 3469 756 3554 temperantia
779 3469 827 3532 ori
850 3467 944 3552 quasi
966 3466 1093 3532 frenum
1116 3467 1271 3553 imponit:

684 3614 704 3681 ὦ
729 3619 817 3697 ψυχὴ
840 3623 963 3698 σκληροὶ,
988 3616 1128 3696 χάλυβος

528 3732 727 3804 λιθόκολλνπον
751 3731 868 3807 στόμιον
892 3730 1063 3811 παρέχονσ’,
1088 3756 1114 3794 κ.
1130 3756 1155 3794 π.
1171 3747 1197 3794 λ.

352 3884 422 3950 Hoo
454 3885 521 3948 looo
556 3881 718 3970 probanda
751 3890 799 3948 est
830 3881 874 3946 M.
907 3880 1079 3947 Schmidtii
1109 3881 1298 3967 emendatio,
1330 3905 1426 3970 quam

306 3999 475 4064 Nauokius
506 3998 540 4061 in
572 3998 711 4062 editione
741 3995 849 4062 affert:
874 3998 1073 4072 νεοκόλλνπονς
1097 3998 1248 4084 proelivis
1270 4020 1358 4064 error
1380 4008 1428 4065 eet

306 4114 334 4178 si
356 4114 536 4178 litterarum
559 4111 674 4176 duatus
697 4131 860 4197 comparas
885 4120 985 4175 ΑΙΘΟ
1011 4117 1043 4176 et
1064 4109 1162 4177 ΝΕΟ.

352 4226 487 4315 Saepius
517 4248 578 4291 usu
609 4227 698 4292 venit
721 4226 754 4288 in
779 4225 898 4290 fabulis
920 4223 1105 4311 Sophooleis
1128 4232 1165 4288 ut
1187 4225 1225 4309 is,
1249 4227 1306 4312 qui
1330 4229 1427 4294 verba

307 4341 393 4424 facit,
416 4319 559 4426 imagine
581 4339 727 4404 adhibita
750 4339 842 4403 alteri
865 4337 1056 4424 persuadere
1075 4337 1201 4404 studeat
1220 4338 1344 4426 aliquid
1355 4341 1427 4407 fieri

307 4461 460 4541 oportere,
485 4475 548 4540 qua
578 4453 612 4516 in
637 4474 671 4518 re
694 4453 750 4518 ille
773 4473 869 4538 quem
894 4451 975 4516 alter
996 4452 1172 4538 alloquitur
1195 4458 1277 4518 teoto
1299 4475 1425 4542 compa·
