3500 5375
853 713 896 776 36

315 904 347 963 61
372 896 443 964 OR.
470 881 550 963 190:
575 897 669 980 ”Aproi
693 924 726 963 τε
749 900 799 964 τὸν
823 901 959 981 μοολερὸν,
984 900 1013 972 ὃς
1037 907 1086 965 νῦν
1109 900 1248 981 ύχοολκος
1273 902 1408 966 deridet

574 1012 681 1095 Φλὲγεν
705 1039 745 1092 με
767 1014 948 1095 περιβύοοτον,
972 1015 1110 1095 οέντνύζοο.

359 1178 506 1267 Apparet
528 1180 630 1266 igitur
649 1179 787 1245 Martem
810 1181 916 1266 „ignis
928 1150 1092 1246 attributis
1104 1181 1296 1245 instructum
1308 1179 1441 1262 firisee”,

314 1300 350 1356 ut
377 1294 453 1379 jure
480 1293 645 1359 Lueckius
672 1295 794 1375 statuit,
819 1294 905 1358 unde
928 1314 989 1359 usu
1013 1294 1102 1359 venit
1125 1300 1162 1358 ut
1186 1296 1333 1377 νέμεσθαι,
1357 1294 1441 1379 quod
1471 1280 1476 1378 Ξ

314 1388 371 1492 per
393 1407 612 1494 metaphoram
636 1408 675 1472 de
699 1408 775 1493 igne
797 1408 973 1491 dicebatur,
993 1430 1050 1494 per
1069 1410 1201 1473 alteram
1221 1409 1441 1496 metaphoram
1469 1389 1473 1446 i

313 1520 494 1586 traductum
518 1522 560 1587 sit
583 1520 622 1585 ad
646 1521 723 1586 belli
747 1521 853 1585 deum.
1467 1503 1474 1611 ἰ

185 1703 190 1714 ,
359 1634 450 1698 Prati
470 1636 556 1700 notio
579 1636 663 1701 inest
687 1636 721 1699 in
745 1635 843 1701 verbo
866 1635 1015 1720 ούννομος,
1041 1635 1126 1721 quod
1151 1656 1287 1700 uxorem
1311 1635 1440 1701 denotat

315 1745 382 1813 00.
418 1749 495 1830 340,
531 1750 683 1813 maritum
718 1755 827 1813 autem
853 1748 904 1812 El.
937 1749 1020 1832 6003
1043 1769 1148 1835 neque
1170 1748 1290 1814 distare
1313 1749 1442 1814 ridetur

314 1859 402 1924 Phil.
429 1863 531 1926 1436:
556 1862 652 1927 λέοντε
675 1863 805 1940 συννόμου
822 1864 853 1942 ¹).

359 1975 443 2048 Αύλή
468 1974 588 2039 indicat
611 1976 771 2062 pecudum
795 1974 886 2039 sedes
905 1975 1017 2059 fragm.
1039 1976 1122 2039 417:
1143 1975 1440 2052 βουνούδνοοιύλύςς

316 2088 484 2153 hominum
519 2088 720 2154 domicilium
757 2088 873 2153 Traeh.
910 2090 985 2172 203,
1017 2091 1092 2169 901,
1125 2089 1211 2153 Phil.
1247 2091 1319 2171 152,
1342 2088 1438 2153 alibi:

316 2202 406 2267 sedes
441 2202 668 2290 Nympharum
704 2202 792 2267 Phil.
824 2204 889 2266 724
914 2204 1130 2283 ποτοίυνύγεν
1154 2202 1344 2272 retradidit
1368 2209 1433 2274 Μν-

313 2317 419 2380 arridet
443 2320 584 2395 νυμφύνς
611 2317 686 2382 inde
709 2316 899 2382 derivantur
921 2316 1079 2396 ἕννυλίζενν
1103 2316 1189 2380 Phil.
1203 2318 1264 2400 333
1277 2322 1309 2381 61
1319 2314 1438 2385 ἔννυλος

313 2429 400 2497 Phil.
428 2432 500 2495 158.

359 2545 412 2609 Ad
446 2566 567 2609 meram
602 2546 804 2632 pastoriciam
838 2546 939 2609 vitam
976 2545 1115 2631 pertinet
1148 2542 1219 2607 ΟΒ.
1254 2544 1350 2625 1126,
1382 2543 1439 2608 ubi

313 2657 457 2745 Oedipus
479 2658 637 2724 famulum
662 2665 752 2746 rogat
775 2658 870 2745 quale
889 2658 1028 2724 officium
1049 2657 1126 2723 olim
1139 2657 1220 2723 Laio
1232 2658 1437 2745 praestiterit,

313 2779 345 2838 et
369 2774 501 2838 ubinam
524 2774 638 2838 solitus
661 2774 703 2837 sit
723 2794 837 2858 greges
861 2794 1007 2859 pascere:

535 2939 637 3016 χώοονς
661 2936 890 3014 6611161111
914 2936 986 2999 τίονν
1009 2932 1151 3009 ξύναυλος
1174 2933 1227 3009 ὤν;

358 3100 448 3164 Idem
477 3099 673 3186 adjectivum
698 3099 849 3165 translate
873 3105 1049 3185 usurpatur
1072 3096 1127 3161 hi.
1153 3099 1234 3160 611:
1260 3098 1322 3179 θείᾳ
1345 3098 1439 3179 μανίᾳ

314 3212 465 3287 ξύναυλος.
502 3212 656 3300 Sequitur
688 3215 900 3299 compositum
937 3213 1085 3292 πάραυλος
1117 3209 1184 3275 OO.
1210 3212 1291 3275 785:
1317 3211 1354 3282 ὡς
1378 3211 1438 3273 πύ-

313 3342 415 3407 οοιυλον
440 3327 557 3412 alaisae,
583 3327 605 3390 i.
618 3349 646 3392 e.
671 3326 824 3410 vicinum,
849 3333 881 3391 et
904 3325 960 3390 Αἰ.
985 3327 1068 3389 893:

537 3477 609 3547 τίνος
635 3475 690 3553 βοὴ
714 3475 864 3554 adlevare
887 3472 976 3553 ἐξέβη
1001 3475 1126 3554 1111101163

316 3628 373 3691 ubi
403 3625 573 3691 scholiasta
596 3646 711 3712 anceps
734 3625 861 3693 haeret:
886 3625 978 3704 ἐγγὺς
1001 3625 1083 3705 rapa
1105 3624 1157 3696 τὴν
1181 3625 1275 3698 udalr
1299 3623 1315 3698 ἢ
1341 3627 1438 3705 tpara-

260 3730 261 3734 ¹
314 3742 378 3814 riui
410 3741 491 3821 rapit
523 3742 589 3814 τοὺς
613 3740 737 3816 atacem
761 3742 900 3827 priorem
924 3740 1173 3826 explicationem
1193 3740 1270 3826 jure
1292 3740 1440 3826 sequitur

315 3855 495 3922 Nauckius.

324 3986 327 3992 ’
359 3969 529 4034 Ρ16616166
563 3967 720 4033 habemus
756 3967 870 4055 fragm.
909 3970 960 4051 19,
997 3970 1017 4031 2
1049 3969 1131 4048 Νίσῳ
1162 3969 1193 4032 δὲ
1225 3969 1278 4042 τὴν
1309 3967 1439 4046 ύμοουλον

315 4081 425 4165 {Scripsi
444 4081 547 4163 χύύνοο,
573 4082 686 4168 fragm.
716 4083 796 4146 122:
821 4083 890 4163 ῥινὸν
914 4082 1064 4162 οὶγροούλου
1087 4082 1165 4167 βοός,
1191 4081 1231 4147 ef.
1255 4082 1438 4147 11113491

314 4198 464 4279 οὶγρονύλου
488 4197 575 4278 ύνρύς.
1447 4213 1450 4217 ’

318 4369 462 4378 ---.--

348 4465 374 4526 l)
394 4461 433 4514 Cf.
450 4461 543 4512 Lueolr.
562 4461 594 4522 11,
612 4474 670 4524 pag.
686 4458 711 4509 5.
