3500 5375
843 699 883 759 77

338 882 402 948 Pei·
433 906 466 949 ee
497 890 604 949 tamen
636 883 848 969 excipiendae
871 891 947 948 eunt
970 906 1026 949 eae
1049 884 1225 949 locutiones
1249 890 1282 949 et
1304 904 1342 949 ea
1365 905 1420 948 no·
1487 878 1492 1024 J

294 997 382 1060 mina
403 1018 486 1083 quae
509 1004 585 1062 tunc
608 998 761 1083 temporis
784 1004 853 1061 orta
875 1018 1031 1062 novarum
1054 1019 1159 1062 rerum
1181 1003 1272 1063 erant
1291 997 1421 1061 nomina
1483 1043 1488 1092 ,

293 1131 384 1191 noua,
408 1112 518 1197 qualia
541 1120 615 1175 eunt
639 1112 662 1175 οἱ
685 1112 744 1175 ἀπὸ
767 1110 942 1193 avenai),
966 1113 994 1175 ἐν
1020 1114 1059 1190 τῷ
1084 1114 1145 1190 ἐμῷ
1169 1110 1263 1183 ὕδνον,
1287 1111 1361 1174 alia.
1479 1097 1484 1197 l

339 1224 454 1311 Neque
476 1202 593 1289 inutile
615 1233 663 1289 cet
687 1246 871 1310 comparare
891 1224 1059 1311 quaedam,
1080 1245 1164 1311 quac
1183 1225 1322 1310 legimus
1333 1225 1420 1310 apud

294 1337 442 1403 Tacitum
458 1342 482 1417 ἲ)
494 1361 507 1402 :·
530 1360 621 1419 ,nam
647 1339 790 1403 lucrosae
810 1339 908 1410 huius
927 1346 959 1403 et
976 1339 1199 1423 sanguinantis
1218 1339 1421 1425 eloquentiae

297 1474 393 1533 ,uene
429 1475 538 1518 recens
569 1461 601 1519 et
632 1454 893 1517 maliemoribue
918 1460 1022 1536 natus,
1047 1461 1232 1539 atque....
1257 1454 1419 1518 inlocum

294 1568 369 1648 „teli
394 1575 550 1653 repertus.
577 1565 727 1632 Ceterum
752 1566 834 1631 felix
859 1566 1003 1649 illudet,
1024 1574 1060 1631 ut
1079 1589 1166 1632 more
1179 1574 1285 1632 nostro
1297 1569 1419 1654 loquar,

293 1703 446 1762 ,aureum
481 1682 655 1762 saeculum,
688 1690 721 1746 et
752 1688 912 1745 oratorum
939 1688 971 1746 et
994 1682 1166 1745 criminum
1192 1682 1293 1768 inope,
1317 1683 1420 1768 poetis

295 1803 345 1877 „et
381 1796 509 1860 vatibus
545 1795 738 1876 abundabat,
775 1795 832 1881 qui
867 1796 949 1859 bene
979 1794 1062 1859 facta
1091 1802 1252 1878 canerent,
1277 1817 1339 1860 non
1363 1798 1422 1882 qui

294 1910 396 1990 „male
431 1909 571 1972 admissa
603 1907 850 1991 defenderent;'’
883 1918 915 1973 et
939 1915 1047 1993 postea
1059 1911 1085 1993 3)
1112 1915 1279 1990 „....eet
1302 1931 1419 1995 magna

295 2023 373 2102 ,illa
407 2032 440 2087 et
473 2022 624 2087 notabilia
657 2022 842 2107 eloquentia
871 2022 1003 2085 alumna
1026 2022 1185 2102 licentiae,
1208 2043 1306 2108 quam
1328 2023 1420 2087 stulti

294 2138 496 2219 „libertatem
529 2145 651 2218 vocant,
677 2158 781 2200 comes
805 2135 1011 2218 seditionum,
1035 2135 1182 2201 effrenati
1205 2138 1316 2223 populi
1341 2138 1419 2201 inci-

294 2258 502 2332 ,tamentum‚
535 2251 604 2314 eine
638 2250 802 2335 obsequio,
826 2250 896 2313 eine
919 2250 1099 2329 seueritate,
1124 2256 1298 2314 contumax
1321 2256 1420 2316 teme-

293 2364 397 2445 ,raria
432 2385 592 2449 arrogans,
628 2384 710 2449 quae
745 2364 779 2426 in
811 2364 894 2428 bene
924 2364 1105 2428 constitutis
1137 2364 1325 2429 civitatibus
1355 2386 1417 2429 non

294 2479 424 2560 ,oritun
459 2500 554 2563 quem
590 2479 676 2542 enim
709 2484 864 2542 oratorem
892 2476 1195 2553 Lacedaemonium,
1220 2500 1314 2563 quem
1341 2477 1418 2543 Orc·

294 2599 433 2672 ,tenuem
458 2592 664 2677 accepimus?
751 2641 758 2654 .
772 2591 892 2655 Rhodii
917 2591 1061 2678 quidam,
1083 2592 1216 2678 plurimi
1238 2592 1418 2658 Athenien·

293 2729 361 2786 „ees
393 2712 531 2770 oratores
562 2707 767 2787 exstiterunt,
791 2705 878 2791 apud
901 2729 981 2792 quoe
1004 2707 1113 2771 omnia
1136 2707 1283 2793 populun,
1308 2709 1416 2772 omnia

293 2819 465 2904 ,imperiti
491 2820 608 2900 omnia,
634 2826 669 2883 ut
691 2821 737 2883 nic
762 2819 914 2901 dixerim,
939 2841 1048 2884 omnes
1072 2820 1249 2905 poterant.”

334 2932 416 2996 Rem
448 2931 638 3017 judicialem
673 2933 742 2996 eine
777 2932 875 2997 dubio
908 2939 1053 3018 spectant
1084 2933 1144 2998 loci
1174 2934 1332 3015 nonnulli,
1359 2935 1416 2998 ubi

289 3052 391 3125 ψῆφος
416 3047 545 3131 legitur.
570 3045 639 3110 OR.
666 3048 748 3110 606:

802 3161 845 3236 μή
870 3162 904 3234 μ’
929 3161 1013 3240 οἷν-λῇ
1037 3161 1146 3240 κτάνῃς

489 3273 593 3351 dico,
619 3274 707 3352 amq
732 3275 773 3345 δέ,
798 3283 833 3353 τῇ
857 3275 886 3336 τ’
911 3276 968 3349 ἐμῇ
992 3274 1042 3337 καὶ
1065 3283 1100 3353 σῇ
1126 3273 1239 3350 λαβών.

290 3434 368 3499 Ant.
393 3437 453 3499 59:
871 3438 895 3499 εἰ
918 3436 1005 3513 νόμον
1029 3436 1083 3519 βίᾳ

487 3555 590 3627 ψῆφον
614 3550 753 3630 τνροέννων
777 3551 828 3613 nai
853 3548 943 3629 κροέτν
969 3547 1138 3629 παρέξιμεν.

288 3708 337 3776 Ib.
363 3712 444 3774 632:
489 3706 509 3772 ὦ
534 3719 601 3783 ποῖ,
626 3711 739 3775 τελείαν
762 3717 864 3789 ψῆφον
889 3705 946 3791 oica
970 3713 1013 3788 μὴ
1036 3713 1130 3776 κλύων

487 3831 539 3895 τῆς
564 3824 777 3903 μελλονύμφου
801 3825 889 3904 ποινρὶ
913 3827 1074 3890 λυσσαίνων
1099 3828 1200 3904 xoium

332 3987 466 4053 Accedit
501 3987 555 4051 Ai.
593 3989 668 4071 449,
703 4010 799 4074 quem
833 3990 939 4054 locum
968 3992 1036 4076 jam
1069 4011 1166 4076 supra
1198 3991 1350 4075 vidimus,
1382 4000 1415 4058 et

294 4153 433 4166 ...ξ-

322 4247 349 4312 1)
370 4249 408 4300 cf.
426 4251 516 4314 fragm.
534 4248 590 4299 nul.

222 4387 224 4392 .
322 4341 349 4403 2)
369 4341 432 4391 nial.
449 4342 480 4392 de
498 4341 541 4392 Or.
560 4345 573 4405 S
591 4341 633 4392 ln.

321 4431 379 4497 3)§
399 4432 440 4483 40.
