3500 5375
840 706 883 769 45

292 891 377 957 idem
408 913 477 957 esse
500 891 595 957 debet
617 891 702 980 quod
726 888 873 966 ὀξυτόνως
898 892 975 973 ᾠδὰς
999 892 1142 974 θρηνήτενς
1166 891 1206 957 of.
1231 891 1309 957 Ant.
1332 893 1415 956 1079

291 1012 391 1087 φωνῆς
415 1008 441 1071 δ’
467 1009 581 1071 trata
603 1007 694 1087 ὀρθίων
718 1005 901 1085 κωκυμάτων
923 1006 1004 1072 κλύει
1026 1031 1080 1079 τις,
1105 1006 1156 1070 ΕΙ.
1183 1007 1266 1071 242;
1290 1005 1419 1085 ἴσχουσα

291 1120 440 1200 πτέρυγας
465 1118 602 1195 ὀξυτόνων
626 1122 717 1198 γόωνς
741 1127 850 1186 contm
873 1120 929 1186 Ai.
955 1121 1017 1185 321
1043 1121 1202 1202 ἁψόφντος
1222 1118 1306 1194 ὀξέων
1325 1145 1417 1184 κωκυ-

292 1232 396 1310 μάτων
419 1235 605 1315 ὑτεττένωζε.
652 1230 656 1239 ’

336 1347 483 1434 Apparet
516 1348 618 1433 igitur
652 1350 764 1435 opinor
798 1346 864 1423 ὀξύς
897 1348 1092 1436 adjectivum
1124 1347 1163 1412 de
1194 1368 1271 1413 uoce
1296 1346 1417 1413 dietum

292 1482 403 1527 reuera
426 1484 536 1528 rocem
559 1463 657 1527 altam
681 1463 882 1549 significare;
905 1470 1045 1528 attamen
1069 1462 1191 1527 ratione
1213 1462 1325 1526 habita
1348 1483 1419 1526 rer·

291 1596 387 1639 suum
421 1576 550 1641 illorum
586 1598 629 1641 ex
665 1575 767 1641 Aiace
797 1578 956 1641 miramur
984 1576 1180 1662 adjectivum
1210 1574 1356 1657 ὀξύφωνος
1379 1575 1419 1640 de

291 1690 428 1754 luscinia
451 1697 653 1777 usurpatum.

336 1802 519 1868 Difficultas
553 1803 758 1890 aliquatenus
792 1805 956 1871 evanescit
986 1804 1016 1868 si
1037 1805 1240 1890 inter-pungis
1262 1825 1326 1869 non
1349 1810 1420 1890 post

292 1918 472 1996 moderator,
497 1917 552 1982 sed
576 1923 647 2003 post
669 1916 825 1997 ὀξύφωνος,
851 1924 888 1983 ut
907 1918 1103 2005 adjectivum
1124 1918 1164 1982 ad
1183 1917 1316 1983 chorum
1338 1917 1419 1983 refe·

291 2036 399 2114 ratur;
422 2035 530 2095 manet
553 2038 660 2096 tamen
682 2032 877 2118 comparatio
896 2053 970 2096 oum
991 2031 1137 2096 luscinia.
1151 2030 1226 2095 Nisi
1237 2031 1318 2096 forte
1329 2052 1419 2095 men·
1445 2036 1456 2110 t

292 2141 369 2208 dum
393 2145 501 2226 lateat,
524 2144 611 2209 locus
637 2144 770 2209 fortasse
793 2144 1011 2209 numerandus
1034 2152 1082 2209 est
1104 2145 1188 2209 inter
1211 2167 1274 2227 eos,
1298 2144 1418 2230 quibus

292 2256 366 2321 freti
389 2258 453 2323 viri
475 2256 561 2321 docti
585 2264 731 2322 statuunt
754 2256 944 2321 Trachinias
964 2278 1025 2321 non
1045 2257 1086 2322 ab
1105 2259 1193 2321 omni
1205 2264 1295 2344 parte
1308 2257 1418 2322 eodem

291 2371 398 2436 studio
421 2371 594 2467 perfectam
619 2379 716 2459 atque
740 2372 872 2459 politam
893 2394 962 2438 esse
978 2379 1010 2438 et
1030 2373 1172 2461 reliquas
1195 2372 1320 2437 fabulas
1333 2374 1365 2451 ¹t·
1458 2367 1466 2461 ξ

336 2484 444 2572 Objici
468 2492 571 2572 potest
593 2486 678 2573 quod
701 2484 768 2550 00.
794 2487 855 2550 671
883 2487 1020 2553 luscinia
1040 2487 1159 2552 dicitur
1177 2487 1285 2564 λίγειαι,
1298 2491 1419 2551 atvero

291 2620 354 2662 non
388 2599 616 2684 negligendum
645 2607 694 2664 est
725 2600 814 2665 illius
835 2600 898 2665 looi
920 2600 1016 2686 longe
1039 2599 1135 2664 aliam
1158 2605 1305 2663 naturam
1330 2620 1416 2665 esse:

292 2714 333 2778 iis
367 2715 445 2779 locis
479 2714 518 2780 de
548 2716 668 2800 quibus
698 2715 841 2781 vidimus
863 2717 934 2779 aris
957 2715 1107 2786 miseriae
1131 2721 1163 2780 et
1186 2716 1292 2780 luctus
1316 2717 1416 2802 respi-

291 2829 431 2912 ciuntur,
466 2827 518 2893 hio
553 2835 661 2893 autem
695 2830 836 2913 regionis
870 2829 1095 2894 amoenitatem
1132 2828 1279 2915 depingit
1313 2839 1416 2916 poeta,

292 2963 389 3030 quam
415 2941 501 3036 haud
525 2964 660 3030 parrum
685 2949 805 3027 augent
827 2963 903 3008 ares
927 2943 1012 3007 clara
1035 2963 1111 3007 voce
1134 2948 1292 3006 canentes.

335 3055 510 3120 Palumbes
541 3056 639 3120 semel
671 3056 704 3119 in
734 3057 1002 3143 comparationem
1026 3054 1155 3118 ducitur
1178 3061 1307 3141 propter
1329 3055 1415 3118 timi·

291 3170 365 3233 dam
388 3176 547 3252 naturam,
571 3189 655 3256 quae
678 3177 766 3234 metu
791 3170 908 3254 injecto
930 3167 1077 3233 homines
1100 3189 1255 3254 occupare
1277 3167 1367 3250 solet,
1381 3173 1418 3232 ut

291 3283 386 3370 quasi
408 3283 540 3347 rationis
564 3288 713 3368 expertes
737 3281 821 3347 unde
844 3282 931 3346 salus
951 3281 1121 3368 repetenda
1141 3282 1184 3345 sit
1202 3302 1264 3346 non
1277 3281 1416 3346 rideant.

335 3395 435 3462 Initio
460 3395 571 3461 Aiacis
595 3396 709 3461 chorus
734 3405 835 3461 semet
858 3397 966 3482 ipsum
987 3417 1059 3459 oum
1080 3395 1232 3481 palumbe
1243 3402 1416 3481 comparat,

292 3519 329 3576 ut
365 3511 530 3597 exprimat
567 3519 686 3596 quanto
720 3531 839 3596 angore
874 3516 1061 3596 torqueatur
1095 3508 1215 3573 auditis
1248 3509 1299 3591 iis,
1334 3529 1418 3594 quae

292 3624 408 3690 Graeci
431 3625 593 3690 exercitus
616 3624 712 3689 duces
735 3623 775 3689 de
799 3623 968 3689 furibundi
991 3623 1103 3687 Aiacis
1126 3623 1290 3688 atrocitate
1311 3621 1417 3688 dirul·

290 3746 386 3824 gant3
410 3760 456 3804 rs.
483 3739 562 3801 137:

558 3903 591 3964 σὲ
614 3902 640 3964 δ’
664 3898 734 3964 ὅτων
758 3901 861 3976 πληγὴ
889 3903 956 3972 Διὸς
980 3899 996 3974 ἢ
1020 3899 1151 3981 {ammio

558 4015 644 4092 λόγος
667 4017 699 4078 ἐκ
725 4019 850 4080 Δωνωῶν
873 4014 1025 4094 κωκόθμυς
1048 4014 1149 4093 ἐπιβῇ,

559 4129 659 4206 μένων
682 4128 761 4193 ὄκνον
784 4126 846 4208 ἔχω
870 4128 923 4192 aa}
946 4128 1128 4207 πεφόβημαι

560 4248 673 4316 arnosia
696 4245 733 4315 ὡς
757 4240 846 4320 ὄμμα
870 4241 1001 4313 τελείως.

298 4365 438 4374 *ᾗ

326 4457 352 4524 i)
371 4459 406 4510 Cf.
426 4459 556 4510 Schmidt:
574 4460 606 4509 de
624 4459 741 4509 ubertate
758 4459 883 4511 orationis
901 4458 1054 4523 Sophocleae
1071 4459 1092 4522 1,
1110 4473 1166 4524 pag.
1185 4455 1226 4509 19.
