<?xml version="1.0" encoding="UTF-8"?>
<!DOCTYPE html PUBLIC "-//W3C//DTD XHTML 1.0 Transitional//EN"
    "http://www.w3.org/TR/xhtml1/DTD/xhtml1-transitional.dtd">
<html xmlns="http://www.w3.org/1999/xhtml" xml:lang="en" lang="en">
 <head>
  <title>
</title>
<meta http-equiv="Content-Type" content="text/html;charset=utf-8" />
  <meta name='ocr-system' content='tesseract 3.04.00' />
  <meta name='ocr-capabilities' content='ocr_page ocr_carea ocr_par ocr_line ocrx_word'/>
</head>
<body>
  <div class='ocr_page' id='page_1' title='image "./studiasophoclea00bosgoog_0121.png"; bbox 0 0 3500 5375; ppageno 0'>
   <div class='ocr_carea' id='block_1_1' title="bbox 673 1571 1028 1645">
    <p class='ocr_par' dir='ltr' id='par_1_1' title="bbox 673 1571 1028 1645">
     <span class='ocr_line' id='line_1_1' title="bbox 673 1571 1028 1645; baseline -0.003 -1"><span class='ocrx_word' id='word_1_1' title='bbox 673 1571 888 1645; x_wconf 79' lang='lat' dir='ltr'>CAPUT</span> <span class='ocrx_word' id='word_1_2' title='bbox 940 1572 1028 1643; x_wconf 85' lang='grc' dir='ltr'><strong>ΧΗ.</strong></span> 
     </span>
    </p>
   </div>
   <div class='ocr_carea' id='block_1_2' title="bbox 749 1860 940 1867">
    <p class='ocr_par' dir='ltr' id='par_1_2' title="bbox 749 1860 940 1867">
     <span class='ocr_line' id='line_1_2' title="bbox 749 1860 940 1867; baseline -0.01 0"><span class='ocrx_word' id='word_1_3' title='bbox 749 1860 940 1867; x_wconf 71' lang='lat' dir='ltr'><strong>-—u--—-.-—</strong></span> 
     </span>
    </p>
   </div>
   <div class='ocr_carea' id='block_1_3' title="bbox 283 2082 1409 2397">
    <p class='ocr_par' dir='ltr' id='par_1_3' title="bbox 283 2082 1409 2397">
     <span class='ocr_line' id='line_1_3' title="bbox 328 2082 1409 2171; baseline 0.001 -24"><span class='ocrx_word' id='word_1_4' title='bbox 328 2082 514 2171; x_wconf 79' lang='lat' dir='ltr'><strong>Sequuntur</strong></span> <span class='ocrx_word' id='word_1_5' title='bbox 537 2105 586 2149; x_wconf 89' lang='lat' dir='ltr'><strong>res</strong></span> <span class='ocrx_word' id='word_1_6' title='bbox 611 2090 832 2149; x_wconf 86' lang='lat' dir='ltr'><strong>mercatorum.</strong></span> <span class='ocrx_word' id='word_1_7' title='bbox 856 2082 1056 2170; x_wconf 82' lang='lat' dir='ltr'><strong>Incipiamus</strong></span> <span class='ocrx_word' id='word_1_8' title='bbox 1079 2104 1099 2147; x_wconf 94' lang='lat' dir='ltr'><strong>a</strong></span> <span class='ocrx_word' id='word_1_9' title='bbox 1119 2083 1233 2147; x_wconf 84' lang='lat' dir='ltr'><strong>Trach.</strong></span> <span class='ocrx_word' id='word_1_10' title='bbox 1256 2085 1330 2165; x_wconf 80' lang='lat'><strong>537,</strong></span> <span class='ocrx_word' id='word_1_11' title='bbox 1351 2084 1409 2148; x_wconf 91' lang='lat' dir='ltr'><strong>ubi</strong></span> 
     </span>
     <span class='ocr_line' id='line_1_4' title="bbox 284 2182 1409 2289; baseline 0.001 -30"><span class='ocrx_word' id='word_1_12' title='bbox 284 2196 437 2289; x_wconf 85' lang='lat' dir='ltr'><strong>Deianira</strong></span> <span class='ocrx_word' id='word_1_13' title='bbox 471 2218 567 2283; x_wconf 89' lang='lat' dir='ltr'><strong>quam</strong></span> <span class='ocrx_word' id='word_1_14' title='bbox 604 2198 737 2262; x_wconf 87' lang='lat' dir='ltr'><strong>molesta</strong></span> <span class='ocrx_word' id='word_1_15' title='bbox 772 2182 850 2263; x_wconf 84' lang='lat' dir='ltr'><strong>sibi¹</strong></span> <span class='ocrx_word' id='word_1_16' title='bbox 869 2198 912 2261; x_wconf 84' lang='lat' dir='ltr'><strong>sit</strong></span> <span class='ocrx_word' id='word_1_17' title='bbox 945 2197 1037 2283; x_wconf 81' lang='lat' dir='ltr'><strong>virgo</strong></span> <span class='ocrx_word' id='word_1_18' title='bbox 1067 2217 1172 2283; x_wconf 83' lang='lat' dir='ltr'><strong>nuper</strong></span> <span class='ocrx_word' id='word_1_19' title='bbox 1202 2196 1243 2260; x_wconf 94' lang='lat' dir='ltr'><strong>ab</strong></span> <span class='ocrx_word' id='word_1_20' title='bbox 1267 2194 1409 2260; x_wconf 83' lang='lat' dir='ltr'><strong>Hercule</strong></span> 
     </span>
     <span class='ocr_line' id='line_1_5' title="bbox 283 2310 1185 2397; baseline 0 -24"><span class='ocrx_word' id='word_1_21' title='bbox 283 2310 413 2374; x_wconf 89' lang='lat' dir='ltr'><strong>domum</strong></span> <span class='ocrx_word' id='word_1_22' title='bbox 439 2311 613 2397; x_wconf 89' lang='lat' dir='ltr'><strong>praemissa</strong></span> <span class='ocrx_word' id='word_1_23' title='bbox 637 2332 694 2397; x_wconf 94' lang='lat' dir='ltr'><strong>per</strong></span> <span class='ocrx_word' id='word_1_24' title='bbox 717 2310 986 2397; x_wconf 85' lang='lat' dir='ltr'><strong>comparationem</strong></span> <span class='ocrx_word' id='word_1_25' title='bbox 1011 2310 1185 2397; x_wconf 79' lang='lat' dir='ltr'>exprimit:</span> 
     </span>
    </p>
   </div>
   <div class='ocr_carea' id='block_1_4' title="bbox 503 2450 1159 2667">
    <p class='ocr_par' dir='ltr' id='par_1_4' title="bbox 503 2450 1159 2667">
     <span class='ocr_line' id='line_1_6' title="bbox 503 2450 1159 2553; baseline 0 -17"><span class='ocrx_word' id='word_1_26' title='bbox 503 2450 763 2553; x_wconf 51' lang='lat' dir='ltr'><strong>&#39;repercuterem</strong></span> <span class='ocrx_word' id='word_1_27' title='bbox 790 2470 895 2553; x_wconf 79' lang='grc' dir='ltr'><em>Φίρτον</em></span> <span class='ocrx_word' id='word_1_28' title='bbox 919 2471 993 2537; x_wconf 72' lang='lat' dir='ltr'><strong>cirre</strong></span> <span class='ocrx_word' id='word_1_29' title='bbox 1016 2472 1159 2543; x_wconf 75' lang='grc' dir='ltr'><em>νοιντίλος,</em></span> 
     </span>
     <span class='ocr_line' id='line_1_7' title="bbox 506 2586 1141 2667; baseline 0.002 -17"><span class='ocrx_word' id='word_1_30' title='bbox 506 2587 640 2665; x_wconf 68' lang='grc' dir='ltr'><strong>λωβητὸν</strong></span> <span class='ocrx_word' id='word_1_31' title='bbox 663 2586 829 2664; x_wconf 76' lang='grc' dir='ltr'><em>ἐμπίλνμοι</em></span> <span class='ocrx_word' id='word_1_32' title='bbox 852 2594 906 2660; x_wconf 75' lang='grc' dir='ltr'><strong>τῆς</strong></span> <span class='ocrx_word' id='word_1_33' title='bbox 929 2588 1004 2662; x_wconf 70' lang='grc' dir='ltr'><strong>ἐμῆς</strong></span> <span class='ocrx_word' id='word_1_34' title='bbox 1028 2590 1141 2667; x_wconf 83' lang='grc' dir='ltr'><em>Φρενός.</em></span> 
     </span>
    </p>
   </div>
   <div class='ocr_carea' id='block_1_5' title="bbox 284 2749 1410 2836">
    <p class='ocr_par' dir='ltr' id='par_1_5' title="bbox 284 2749 1410 2836">
     <span class='ocr_line' id='line_1_8' title="bbox 284 2749 1410 2836; baseline 0 -22"><span class='ocrx_word' id='word_1_35' title='bbox 284 2750 324 2814; x_wconf 82' lang='lat' dir='ltr'><strong>cf.</strong></span> <span class='ocrx_word' id='word_1_36' title='bbox 360 2750 474 2836; x_wconf 83' lang='lat' dir='ltr'><strong>fragm.</strong></span> <span class='ocrx_word' id='word_1_37' title='bbox 510 2752 594 2816; x_wconf 83' lang='lat'>250:</span> <span class='ocrx_word' id='word_1_38' title='bbox 627 2751 810 2833; x_wconf 78' lang='grc' dir='ltr'><em>οιύτίφοροοι·</em></span> <span class='ocrx_word' id='word_1_39' title='bbox 844 2749 1049 2816; x_wconf 81' lang='grc' dir='ltr'><em>οιύτοδιοίκονοι.</em></span> <span class='ocrx_word' id='word_1_40' title='bbox 1074 2750 1171 2831; x_wconf 78' lang='grc' dir='ltr'><strong><em>κυρίως</em></strong></span> <span class='ocrx_word' id='word_1_41' title='bbox 1196 2751 1227 2814; x_wconf 78' lang='grc' dir='ltr'><strong>δὲ</strong></span> <span class='ocrx_word' id='word_1_42' title='bbox 1250 2751 1273 2814; x_wconf 87' lang='lat' dir='ltr'><strong>ci</strong></span> <span class='ocrx_word' id='word_1_43' title='bbox 1296 2751 1324 2813; x_wconf 83' lang='grc' dir='ltr'><strong>ἐν</strong></span> <span class='ocrx_word' id='word_1_44' title='bbox 1348 2758 1410 2822; x_wconf 82' lang='grc' dir='ltr'><em>τοῖς</em></span> 
     </span>
    </p>
   </div>
   <div class='ocr_carea' id='block_1_6' title="bbox 283 2864 1411 3746">
    <p class='ocr_par' dir='ltr' id='par_1_6' title="bbox 284 2864 502 2935">
     <span class='ocr_line' id='line_1_9' title="bbox 284 2864 502 2935; baseline 0 -7"><span class='ocrx_word' id='word_1_45' title='bbox 284 2864 362 2935; x_wconf 81' lang='grc' dir='ltr'><em>ίδίοις</em></span> <span class='ocrx_word' id='word_1_46' title='bbox 386 2864 502 2935; x_wconf 80' lang='grc' dir='ltr'><em>πλοίοις.</em></span> 
     </span>
    </p>

    <p class='ocr_par' dir='ltr' id='par_1_7' title="bbox 283 2976 1410 3405">
     <span class='ocr_line' id='line_1_10' title="bbox 328 2976 1408 3065; baseline 0 -25"><span class='ocrx_word' id='word_1_47' title='bbox 328 2976 381 3040; x_wconf 90' lang='lat' dir='ltr'><strong>Ad</strong></span> <span class='ocrx_word' id='word_1_48' title='bbox 417 2976 633 3043; x_wconf 87' lang='lat' dir='ltr'><strong>venditionem</strong></span> <span class='ocrx_word' id='word_1_49' title='bbox 665 2977 810 3042; x_wconf 89' lang='lat' dir='ltr'><strong>omnium</strong></span> <span class='ocrx_word' id='word_1_50' title='bbox 843 2978 985 3065; x_wconf 90' lang='lat' dir='ltr'><strong>primum</strong></span> <span class='ocrx_word' id='word_1_51' title='bbox 1010 2976 1148 3063; x_wconf 81' lang='lat' dir='ltr'><strong>pertinet</strong></span> <span class='ocrx_word' id='word_1_52' title='bbox 1170 2977 1408 3042; x_wconf 87' lang='lat' dir='ltr'><strong>substantivum</strong></span> 
     </span>
     <span class='ocr_line' id='line_1_11' title="bbox 284 3091 1408 3179; baseline 0 -25"><span class='ocrx_word' id='word_1_53' title='bbox 284 3091 414 3175; x_wconf 75' lang='grc' dir='ltr'><em>ἕρποιοί,</em></span> <span class='ocrx_word' id='word_1_54' title='bbox 434 3091 549 3176; x_wconf 84' lang='lat' dir='ltr'><strong>fragm.</strong></span> <span class='ocrx_word' id='word_1_55' title='bbox 572 3093 648 3175; x_wconf 83' lang='lat'><strong>499,</strong></span> <span class='ocrx_word' id='word_1_56' title='bbox 673 3091 757 3179; x_wconf 90' lang='lat' dir='ltr'><strong>qnod</strong></span> <span class='ocrx_word' id='word_1_57' title='bbox 782 3092 905 3179; x_wconf 87' lang='lat' dir='ltr'><strong>poetice</strong></span> <span class='ocrx_word' id='word_1_58' title='bbox 929 3097 1100 3156; x_wconf 90' lang='lat' dir='ltr'><strong>nautarum</strong></span> <span class='ocrx_word' id='word_1_59' title='bbox 1119 3091 1176 3177; x_wconf 91' lang='lat' dir='ltr'><strong>qui</strong></span> <span class='ocrx_word' id='word_1_60' title='bbox 1197 3097 1408 3156; x_wconf 82' lang='lat' dir='ltr'><strong>mercaturam</strong></span> 
     </span>
     <span class='ocr_line' id='line_1_12' title="bbox 283 3205 1410 3291; baseline -0.003 -22"><span class='ocrx_word' id='word_1_61' title='bbox 283 3212 435 3270; x_wconf 82' lang='lat' dir='ltr'><strong>exercent</strong></span> <span class='ocrx_word' id='word_1_62' title='bbox 476 3225 703 3270; x_wconf 89' lang='lat' dir='ltr'><strong>aerumnosam·</strong></span> <span class='ocrx_word' id='word_1_63' title='bbox 738 3208 838 3271; x_wconf 90' lang='lat' dir='ltr'><strong>vitam</strong></span> <span class='ocrx_word' id='word_1_64' title='bbox 874 3206 978 3288; x_wconf 89' lang='lat' dir='ltr'><strong>canit;</strong></span> <span class='ocrx_word' id='word_1_65' title='bbox 1015 3205 1063 3269; x_wconf 90' lang='lat' dir='ltr'><strong>ibi</strong></span> <span class='ocrx_word' id='word_1_66' title='bbox 1098 3225 1226 3291; x_wconf 90' lang='lat' dir='ltr'><strong>quoque</strong></span> <span class='ocrx_word' id='word_1_67' title='bbox 1258 3205 1410 3283; x_wconf 73' lang='grc' dir='ltr'><em>κερδαίνειν</em></span> 
     </span>
     <span class='ocr_line' id='line_1_13' title="bbox 284 3319 1067 3405; baseline 0 -23"><span class='ocrx_word' id='word_1_68' title='bbox 284 3319 411 3405; x_wconf 88' lang='lat' dir='ltr'><strong>proprio</strong></span> <span class='ocrx_word' id='word_1_69' title='bbox 434 3341 529 3385; x_wconf 90' lang='lat' dir='ltr'><strong>sensu</strong></span> <span class='ocrx_word' id='word_1_70' title='bbox 552 3319 591 3385; x_wconf 89' lang='lat' dir='ltr'><strong>de</strong></span> <span class='ocrx_word' id='word_1_71' title='bbox 614 3319 844 3385; x_wconf 81' lang='lat' dir='ltr'><strong>mercatoribus</strong></span> <span class='ocrx_word' id='word_1_72' title='bbox 867 3319 1067 3384; x_wconf 88' lang='lat' dir='ltr'><strong>dictumest.</strong></span> 
     </span>
    </p>

    <p class='ocr_par' dir='ltr' id='par_1_8' title="bbox 283 3433 1411 3746">
     <span class='ocr_line' id='line_1_14' title="bbox 329 3433 1411 3528; baseline 0.002 -32"><span class='ocrx_word' id='word_1_73' title='bbox 329 3433 454 3528; x_wconf 76' lang='lat' dir='ltr'><strong>Deinde</strong></span> <span class='ocrx_word' id='word_1_74' title='bbox 488 3434 583 3515; x_wconf 78' lang='grc' dir='ltr'><em>κέρδος</em></span> <span class='ocrx_word' id='word_1_75' title='bbox 618 3440 650 3500; x_wconf 90' lang='lat' dir='ltr'><strong>et</strong></span> <span class='ocrx_word' id='word_1_76' title='bbox 683 3435 835 3514; x_wconf 84' lang='grc' dir='ltr'><em>κερδοιίνειν</em></span> <span class='ocrx_word' id='word_1_77' title='bbox 866 3433 1104 3499; x_wconf 82' lang='lat' dir='ltr'><strong>transferuntur</strong></span> <span class='ocrx_word' id='word_1_78' title='bbox 1133 3433 1173 3497; x_wconf 92' lang='lat' dir='ltr'><strong>ad</strong></span> <span class='ocrx_word' id='word_1_79' title='bbox 1196 3433 1304 3498; x_wconf 90' lang='lat' dir='ltr'><strong>omnia</strong></span> <span class='ocrx_word' id='word_1_80' title='bbox 1327 3454 1411 3520; x_wconf 89' lang='lat' dir='ltr'><strong>quae</strong></span> 
     </span>
     <span class='ocr_line' id='line_1_15' title="bbox 284 3546 1408 3633; baseline 0.001 -24"><span class='ocrx_word' id='word_1_81' title='bbox 284 3553 415 3632; x_wconf 89' lang='lat' dir='ltr'><strong>prosunt</strong></span> <span class='ocrx_word' id='word_1_82' title='bbox 437 3547 483 3612; x_wconf 89' lang='lat' dir='ltr'><strong>ita</strong></span> <span class='ocrx_word' id='word_1_83' title='bbox 502 3553 538 3612; x_wconf 89' lang='lat' dir='ltr'><strong>ut</strong></span> <span class='ocrx_word' id='word_1_84' title='bbox 561 3546 689 3613; x_wconf 89' lang='lat' dir='ltr'><strong>emendi</strong></span> <span class='ocrx_word' id='word_1_85' title='bbox 713 3547 937 3633; x_wconf 88' lang='lat' dir='ltr'><strong>vendendique</strong></span> <span class='ocrx_word' id='word_1_86' title='bbox 961 3547 1048 3610; x_wconf 86' lang='lat' dir='ltr'><strong>nctic</strong></span> <span class='ocrx_word' id='word_1_87' title='bbox 1074 3567 1202 3632; x_wconf 87' lang='lat' dir='ltr'><strong>prorsus</strong></span> <span class='ocrx_word' id='word_1_88' title='bbox 1223 3552 1408 3629; x_wconf 88' lang='lat' dir='ltr'><strong>evanescat;</strong></span> 
     </span>
     <span class='ocr_line' id='line_1_16' title="bbox 283 3657 1055 3746; baseline 0.001 -25"><span class='ocrx_word' id='word_1_89' title='bbox 283 3660 421 3725; x_wconf 81' lang='lat' dir='ltr'><strong>sentitur</strong></span> <span class='ocrx_word' id='word_1_90' title='bbox 443 3664 549 3724; x_wconf 88' lang='lat' dir='ltr'><strong>tamen</strong></span> <span class='ocrx_word' id='word_1_91' title='bbox 571 3659 648 3724; x_wconf 87' lang='lat' dir='ltr'><strong>locis</strong></span> <span class='ocrx_word' id='word_1_92' title='bbox 672 3659 783 3746; x_wconf 83' lang='lat' dir='ltr'><strong>quales</strong></span> <span class='ocrx_word' id='word_1_93' title='bbox 805 3666 882 3723; x_wconf 88' lang='lat' dir='ltr'><strong>sunt</strong></span> <span class='ocrx_word' id='word_1_94' title='bbox 904 3657 970 3723; x_wconf 81' lang='lat'><strong>00.</strong></span> <span class='ocrx_word' id='word_1_95' title='bbox 996 3660 1055 3722; x_wconf 81' lang='lat'><strong>72:</strong></span> 
     </span>
    </p>
   </div>
   <div class='ocr_carea' id='block_1_7' title="bbox 283 3819 1189 4054">
    <p class='ocr_par' dir='ltr' id='par_1_9' title="bbox 283 3819 1189 4054">
     <span class='ocr_line' id='line_1_17' title="bbox 504 3819 1189 3901; baseline -0.001 -17"><span class='ocrx_word' id='word_1_96' title='bbox 504 3821 540 3891; x_wconf 81' lang='grc' dir='ltr'><strong>ὡς</strong></span> <span class='ocrx_word' id='word_1_97' title='bbox 564 3821 600 3884; x_wconf 81' lang='grc' dir='ltr'><strong>διν</strong></span> <span class='ocrx_word' id='word_1_98' title='bbox 623 3825 788 3901; x_wconf 80' lang='grc' dir='ltr'><em>προοιιρκῶν</em></span> <span class='ocrx_word' id='word_1_99' title='bbox 810 3821 921 3900; x_wconf 69' lang='grc' dir='ltr'><em>σμικροὶ</em></span> <span class='ocrx_word' id='word_1_100' title='bbox 944 3819 1073 3900; x_wconf 80' lang='grc' dir='ltr'><em>κερδκίνρ</em></span> <span class='ocrx_word' id='word_1_101' title='bbox 1098 3819 1189 3897; x_wconf 78' lang='grc' dir='ltr'><em>μένοι.</em></span> 
     </span>
     <span class='ocr_line' id='line_1_18' title="bbox 283 3981 508 4054; baseline 0.009 -10"><span class='ocrx_word' id='word_1_102' title='bbox 283 3981 398 4044; x_wconf 84' lang='lat' dir='ltr'><strong>Trach.</strong></span> <span class='ocrx_word' id='word_1_103' title='bbox 413 3982 508 4054; x_wconf 67' lang='lat'>,1902</span> 
     </span>
    </p>
   </div>
   <div class='ocr_carea' id='block_1_8' title="bbox 503 4140 1236 4338">
    <p class='ocr_par' dir='ltr' id='par_1_10' title="bbox 503 4140 1236 4338">
     <span class='ocr_line' id='line_1_19' title="bbox 503 4140 1198 4222; baseline 0.006 -18"><span class='ocrx_word' id='word_1_104' title='bbox 503 4140 595 4220; x_wconf 67' lang='grc' dir='ltr'><em>οὶοιῇὲ</em></span> <span class='ocrx_word' id='word_1_105' title='bbox 621 4140 695 4213; x_wconf 71' lang='grc' dir='ltr'><strong>ὅπως</strong></span> <span class='ocrx_word' id='word_1_106' title='bbox 719 4167 761 4207; x_wconf 81' lang='grc' dir='ltr'><strong>τοι</strong></span> <span class='ocrx_word' id='word_1_107' title='bbox 784 4147 893 4222; x_wconf 78' lang='grc' dir='ltr'><em>πρῶτος</em></span> <span class='ocrx_word' id='word_1_108' title='bbox 916 4144 1066 4222; x_wconf 75' lang='grc' dir='ltr'><em>οίννείλοις</em></span> <span class='ocrx_word' id='word_1_109' title='bbox 1090 4144 1163 4209; x_wconf 84' lang='grc' dir='ltr'><em>τοίδε</em></span> <span class='ocrx_word' id='word_1_110' title='bbox 1195 4154 1198 4162; x_wconf 89' lang='grc'><strong>’</strong></span> 
     </span>
     <span class='ocr_line' id='line_1_20' title="bbox 506 4255 1236 4338; baseline 0.007 -21"><span class='ocrx_word' id='word_1_111' title='bbox 506 4255 576 4335; x_wconf 77' lang='grc' dir='ltr'><em>πρὸς</em></span> <span class='ocrx_word' id='word_1_112' title='bbox 600 4260 650 4318; x_wconf 81' lang='grc' dir='ltr'><strong>σοῦ</strong></span> <span class='ocrx_word' id='word_1_113' title='bbox 673 4280 701 4319; x_wconf 81' lang='grc' dir='ltr'><strong>τι</strong></span> <span class='ocrx_word' id='word_1_114' title='bbox 725 4257 894 4335; x_wconf 84' lang='grc' dir='ltr'><em>κερδοίνοιιμι</em></span> <span class='ocrx_word' id='word_1_115' title='bbox 918 4257 969 4321; x_wconf 78' lang='lat' dir='ltr'><strong>uui</strong></span> <span class='ocrx_word' id='word_1_116' title='bbox 993 4261 1114 4338; x_wconf 80' lang='grc' dir='ltr'><em>κτῲμκν</em></span> <span class='ocrx_word' id='word_1_117' title='bbox 1137 4257 1236 4338; x_wconf 81' lang='grc' dir='ltr'><em>χοίριν,</em></span> 
     </span>
    </p>
   </div>
   <div class='ocr_carea' id='block_1_9' title="bbox 284 4416 975 4503">
    <p class='ocr_par' dir='ltr' id='par_1_11' title="bbox 284 4416 975 4503">
     <span class='ocr_line' id='line_1_21' title="bbox 284 4416 975 4503; baseline 0.007 -25"><span class='ocrx_word' id='word_1_118' title='bbox 284 4416 388 4501; x_wconf 85' lang='lat' dir='ltr'><strong>Magis</strong></span> <span class='ocrx_word' id='word_1_119' title='bbox 411 4417 553 4482; x_wconf 88' lang='lat' dir='ltr'><strong>dilucida</strong></span> <span class='ocrx_word' id='word_1_120' title='bbox 576 4418 683 4503; x_wconf 85' lang='lat' dir='ltr'><strong>imago</strong></span> <span class='ocrx_word' id='word_1_121' title='bbox 705 4425 753 4482; x_wconf 90' lang='lat' dir='ltr'><strong>est</strong></span> <span class='ocrx_word' id='word_1_122' title='bbox 775 4418 891 4485; x_wconf 84' lang='lat' dir='ltr'><strong>Trech.</strong></span> <span class='ocrx_word' id='word_1_123' title='bbox 915 4420 975 4484; x_wconf 83' lang='lat'><strong>93:</strong></span> 
     </span>
    </p>
   </div>
   <div class='ocr_carea' id='block_1_10' title="bbox 0 0 1754 5375">
    <p class='ocr_par' dir='ltr' id='par_1_12' title="bbox 0 0 1754 5375">
     <span class='ocr_line' id='line_1_22' title="bbox 0 0 1754 5375; baseline 0 0"><span class='ocrx_word' id='word_1_124' title='bbox 0 0 1754 5375; x_wconf 95' lang='lat' dir='ltr'><strong> </strong></span> 
     </span>
    </p>
   </div>
  </div>
 </body>
</html>
