3500 5375
720 1500 936 1574 CAPUT
990 1502 1073 1573 Vll.

796 1788 986 1795 —-—-—-———.

373 2013 473 2079 Hisce
504 2014 599 2079 rebus
631 2013 671 2077 ad
701 2014 797 2078 finem
829 2013 991 2100 perductis
1014 2013 1212 2079 redeundum
1235 2021 1283 2080 eet
1305 2016 1345 2080 ed
1369 2018 1501 2080 eom-¹(

328 2128 529 2213 parationum
554 2148 681 2213 genera,
705 2148 789 2214 quae
811 2136 897 2193 certa
922 2127 1089 2191 hominum
1114 2150 1247 2193 munere
1266 2130 1454 2216 respiciunt.

328 2238 483 2304 Omnium
520 2242 660 2326 primum
697 2240 863 2306 videamus
899 2240 938 2305 de
973 2242 1024 2323 iis,
1053 2262 1137 2327 quae
1168 2243 1219 2307 ed.
1240 2264 1290 2307 ree
1320 2245 1455 2309 rusticae

328 2354 496 2440 pertinent.

372 2466 424 2530 Ex
447 2468 488 2531 iis
512 2468 699 2553 exemplum
725 2468 825 2532 sumit
848 2467 1083 2553 Agamemnon,
1107 2470 1165 2534 ubi
1186 2469 1350 2534 Teucrum
1368 2490 1453 2535 auer-

328 2582 461 2647 biseime
494 2582 698 2667 perstringit:
731 2602 793 2645 non
820 2581 966 2646 hominen
991 2603 1106 2668 magno
1129 2603 1260 2668 corpore
1284 2583 1452 2669 praeditos,

332 2717 444 2760 verum
469 2697 629 2782 sepientes
648 2695 721 2781 plus
741 2697 865 2780 valere3
878 2697 962 2782 quod
975 2704 1011 2761 nt
1023 2697 1171 2778 illustret,
1186 2696 1263 2761 dicit
1276 2697 1331 2764 Αἰ.
1348 2699 1451 2762 1253:

550 2858 649 2935 μέγοος
674 2858 704 2920 δὲ
728 2859 839 2932 πλευρὰ
862 2859 935 2936 βοῦς
956 2860 1010 2923 ὑπὸ
1034 2865 1159 2939 σμικροῖς
1183 2859 1261 2936 ὅμως

548 2970 695 3049 μάστιγος
719 2973 794 3051 ὀρθὸς
818 2974 857 3044 εἰς
881 2972 943 3037 ὁδὸν
968 2973 1126 3052 πορεύεται.

367 3133 488 3198 Eodem
521 3134 659 3221 pertinet
690 3135 806 3219 imago,
840 3155 904 3220 que
933 3134 1037 3199 utitur
1059 3133 1181 3200 Oreon:
1205 3135 1339 3199 nuntius
1363 3135 1452 3201 venit

324 3247 524 3334 Polynieem,
549 3248 639 3313 urbis
663 3248 809 3334 principe
833 3253 960 3312 vetante
980 3247 1192 3312 nihilominus
1212 3248 1325 3316 furtim
1337 3247 1451 3312 huma·

323 3367 393 3425 tum
416 3382 503 3440 esse3
528 3360 561 3424 id
586 3360 705 3425 factum
730 3381 799 3425 esee
823 3361 864 3425 ab
883 3360 1070 3424 hominibus
1090 3362 1148 3446 qui
1167 3382 1261 3424 suum
1276 3362 1449 3446 imperium

318 3476 387 3561 jem
412 3474 536 3539 diutius
561 3473 817 3539 invititulerint
839 3474 914 3539 inde
938 3474 1035 3539 efficit
1059 3472 1161 3538 Oneon
1186 3472 1263 3539 Ant.
1289 3474 1371 3536 289:

700 3635 783 3699 ἀλλὰ
806 3640 905 3698 τοῦτο
926 3634 977 3699 καὶ
998 3635 1102 3700 weitai
1118 3633 1229 3706 πόλεως

544 3749 642 3828 ἄνδρες
667 3748 752 3824 μόλις
776 3748 912 3827 <Diponem
935 3750 1056 3828 ἐρρόθουν
1080 3748 1155 3825 ἐμοὶ,

544 3867 640 3943 κρυφῇ
664 3861 739 3940 κοὲροι
764 3864 897 3933 σείοντες,
922 3862 983 3926 οὐδ’
1008 3862 1062 3925 ὑπὸ
1085 3861 1165 3940 ζυγῷ

544 3975 635 4056 λόφον
659 3975 773 4047 ituatur
798 3971 881 4054 εἶχον
894 3977 939 4060 ¹).

355 4213 383 4277 t)
401 4213 420 4262 E
436 4214 552 4262 dramate
568 4212 678 4277 satyrico
695 4211 924 4260 commemoranda
940 4216 980 4260 est
997 4211 1154 4273 comparatio
1172 4210 1263 4274 fragm.
1283 4207 1347 4258 me:

739 4323 774 4373 ὅδ’
796 4325 851 4385 ἀνὴρ
869 4323 896 4373 οὐ
915 4325 965 4385 πρὶν
983 4324 1010 4372 ἂν
1029 4325 1101 4386 φάγῃ
1119 4330 1197 4381 καλῶς

638 4415 707 4475 ’ὅμοιοι
727 4415 766 4463 καὶ
784 4418 841 4476 βοῦς
861 4413 964 4476 ἐργάτης
984 4413 1122 4479 ἐργάζεται.
