3500 5375
812 718 874 781 125

275 904 332 990 qui
361 905 449 968 locus
481 903 590 968 eudem
623 902 808 967 referendus
834 909 891 985 est,
915 902 1078 987 significat
1100 900 1186 966 enim
1210 901 1297 966 vitae
1318 902 1403 965 salu-

274 1024 339 1081 tem
365 1018 398 1079 in
423 1016 594 1081 discrimen
618 1015 788 1080 adductam
803 1018 837 1099 ¹),
860 1035 962 1102 aeque
986 1036 1023 1079 ac
1047 1015 1125 1080 Ant.
1151 1016 1232 1079 616:

497 1190 580 1271 σώζει
603 1190 644 1254 rol
667 1193 767 1256 πολλὰ
790 1190 906 1268 σώμαθ’
931 1192 946 1265 ἡ
972 1190 1140 1270 πειθαρχία.

321 1366 375 1431 Ab
409 1366 467 1431 hac
490 1367 725 1452 significatione
749 1366 868 1431 distant
890 1365 1066 1453 Oedipodis
1089 1365 1187 1431 verba
1211 1364 1276 1430 00.
1302 1366 1404 1428 1104:

787 1539 838 1605 καὶ
865 1541 898 1604 τδ
923 1539 1056 1618 μηδαμα

498 1655 633 1719 ἐλπισθὲν
656 1652 732 1729 ἥξειν
755 1659 844 1732 σῶμα
868 1653 1025 1732 βασταέσαι
1049 1652 1123 1718 δότε.

324 1828 521 1894 Sententiam
543 1828 754 1915 perspicimus
765 1850 778 1892 τι
798 1827 944 1915 Oedipus
967 1850 1079 1895 caecus
1103 1830 1187 1894 filias
1210 1830 1319 1895 videre
1343 1851 1405 1895 neu

281 1943 421 2029 amplius
444 1948 576 2029 poterat,
601 1948 707 2006 tamen
732 1942 762 2006 ei
783 1962 966 2007 concessum
990 1950 1060 2006 erat
1083 1950 1119 2006 ut
1142 1963 1252 2007 earum
1276 1964 1407 2029 corpora

280 2077 376 2119 manu
419 2061 635 2120 contrectaret.
669 2052 789 2119 Eodem
826 2054 929 2137 modo,
966 2055 1054 2119 nulla
1090 2056 1243 2142 peculiari
1279 2057 1406 2120 notione

279 2170 431 2254 subjecta,
456 2168 647 2255 simpliciter
670 2188 784 2254 eorpus
807 2168 1010 2251 significatur
1033 2168 1089 2232 Αἰ.
1120 2170 1212 2233 1077.
1238 2168 1306 2234 00.
1331 2171 1405 2232 610.

279 2281 330 2345 El.
357 2282 458 2365 12333
483 2280 626 2367 lepidum
652 2281 840 2367 exemplum
864 2280 1021 2345 habemus
1045 2281 1095 2345 El.
1123 2282 1225 2345 1333:

768 2450 801 2529 ἦν
824 2454 860 2518 δα
885 2457 955 2531 ὑμῖν
979 2457 1007 2519 έν
1031 2455 1129 2534 δέμας

502 2570 542 2633 τα
565 2569 685 2649 δρώμεν’
710 2570 790 2646 ὑμῶν
814 2568 931 2650 πρόσθεν
954 2568 1036 2651 >lud
1057 2569 1199 2647 σώματα.

327 2749 408 2814 Oum
437 2749 585 2815 acumine
609 2749 745 2835 quodam
769 2747 922 2813 orationis
946 2748 1089 2812 consulto
1111 2748 1290 2813 litterarum
1317 2748 1407 2811 simi·

281 2863 452 2928 litudinem
472 2863 525 2927 hic
549 2882 567 2925 a
587 2867 679 2948 poeta
691 2863 868 2948 quaesitam
882 2883 951 2926 esse
964 2862 1145 2948 suspicatur
1158 2860 1356 2925 Schmidtins
1370 2864 1407 2945 9).

283 2976 405 3063 Corpus
429 2983 461 3042 et
483 2977 611 3041 animus
635 2977 776 3042 intense
800 2984 1005 3064 opponuntur
1029 2976 1142 3060 fragm.
1168 2977 1251 3040 677:

506 3142 529 3203 el
551 3145 640 3216 σῶμα
663 3141 771 3212 δοῦλον,
796 3141 867 3204 αλλ’
891 3141 904 3203 ὁ
929 3145 993 3211 ναῦς
1015 3138 1164 3220 ἐλεύθερος.

327 3302 478 3390 Denique
511 3271 648 3368 netauda
682 3309 731 3367 est
764 3282 961 3388 periphrasis
996 3299 1062 3366 00.
1097 3302 1200 3367 1568:
1232 3306 1321 3380 σῶμα
1345 3303 1406 3366 ἄνι-

284 3417 374 3483 καέτου
398 3419 484 3496 έαρές.
640 3493 643 3500 1

329 3530 484 3618 Sequitur
506 3529 612 3613 δέμας,
636 3529 718 3616 quod
744 3531 802 3594 nbi
824 3529 944 3614 legitur
966 3535 1090 3594 tantum
1115 3550 1177 3594 nou
1200 3551 1326 3615 semper
1346 3529 1408 3593 fra·

284 3647 441 3730 gilitatem
475 3650 507 3710 et
537 3643 791 3708 imbecillitatem
815 3643 953 3725 denotat,
977 3642 1062 3707 unde
1088 3643 1125 3708 fit
1148 3650 1185 3707 ut
1207 3664 1301 3729 saepe
1324 3645 1409 3728 ejus·

284 3759 355 3822 dem
392 3757 635 3842 significationis
670 3757 865 3842 adJectivum
903 3755 1055 3820 addatur:
1089 3757 1195 3836 οἰκτρὸν
1226 3756 1332 3838 δέμας,
1357 3755 1407 3819 ΕΙ.

288 3872 389 3935 1161:
426 3872 523 3933 ἄθλιον
559 3870 664 3953 δέμας,
697 3869 746 3932 ldl.
782 3870 857 3933 756.
882 3866 948 3932 00.
975 3870 1049 3932 576.
1073 3868 1144 3932 ΟΒ.
1172 3869 1266 3932 1388.
1292 3869 1407 3932 Trach.

288 3984 383 4066 1056,
421 3983 523 4066 1079,
558 3982 612 4046 sed
646 3968 744 4046 etiam
775 3983 845 4046 sine
874 3980 1027 4066 adjectivi
1050 4002 1109 4067 ope
1133 4002 1248 4045 nomeu
1275 3980 1407 4046 eandem

286 4097 352 4161 vim
377 4096 489 4160 hebet:

289 4263 432 4272 μ*-

318 4353 346 4417 l)
365 4355 391 4405 F.
413 4355 452 4405 W.
470 4354 601 4428 Schmidt:
619 4355 651 4403 de
668 4338 788 4404 ubertate¹
802 4359 865 4403 urat.
884 4353 1000 4418 Sophocl.
1019 4355 1040 4416 1,
1057 4368 1112 4417 pag.
1129 4353 1171 4403 22.

319 4444 346 4508 2)
365 4445 401 4494 lh.
422 4446 442 4508 1,
459 4459 515 4510 pag.
534 4444 572 4494 tu.
