<?xml version="1.0" encoding="UTF-8"?>
<!DOCTYPE html PUBLIC "-//W3C//DTD XHTML 1.0 Transitional//EN"
    "http://www.w3.org/TR/xhtml1/DTD/xhtml1-transitional.dtd">
<html xmlns="http://www.w3.org/1999/xhtml" xml:lang="en" lang="en">
 <head>
  <title>
</title>
<meta http-equiv="Content-Type" content="text/html;charset=utf-8" />
  <meta name='ocr-system' content='tesseract 3.04.00' />
  <meta name='ocr-capabilities' content='ocr_page ocr_carea ocr_par ocr_line ocrx_word'/>
</head>
<body>
  <div class='ocr_page' id='page_1' title='image "./studiasophoclea00bosgoog_0023.png"; bbox 0 0 3500 5375; ppageno 0'>
   <div class='ocr_carea' id='block_1_1' title="bbox 882 692 916 749">
    <p class='ocr_par' dir='ltr' id='par_1_1' title="bbox 882 692 916 749">
     <span class='ocr_line' id='line_1_1' title="bbox 882 692 916 749; baseline 0 0"><span class='ocrx_word' id='word_1_1' title='bbox 882 692 916 749; x_wconf 94' lang='lat' dir='ltr'>ll</span> 
     </span>
    </p>
   </div>
   <div class='ocr_carea' id='block_1_2' title="bbox 329 871 1543 1529">
    <p class='ocr_par' dir='ltr' id='par_1_2' title="bbox 329 871 1543 1529">
     <span class='ocr_line' id='line_1_2' title="bbox 330 871 1459 965; baseline 0.002 -28"><span class='ocrx_word' id='word_1_2' title='bbox 330 872 481 957; x_wconf 73' lang='lat' dir='ltr'>colligere</span> <span class='ocrx_word' id='word_1_3' title='bbox 505 871 628 955; x_wconf 85' lang='lat' dir='ltr'>studet3</span> <span class='ocrx_word' id='word_1_4' title='bbox 652 873 744 937; x_wconf 90' lang='lat' dir='ltr'>nobis</span> <span class='ocrx_word' id='word_1_5' title='bbox 764 873 895 965; x_wconf 88' lang='lat' dir='ltr'>jamad</span> <span class='ocrx_word' id='word_1_6' title='bbox 915 874 1167 960; x_wconf 87' lang='lat' dir='ltr'>comparationes</span> <span class='ocrx_word' id='word_1_7' title='bbox 1187 872 1385 937; x_wconf 90' lang='lat' dir='ltr'>redeundum</span> <span class='ocrx_word' id='word_1_8' title='bbox 1400 878 1459 939; x_wconf 88' lang='lat' dir='ltr'>est.</span> 
     </span>
     <span class='ocr_line' id='line_1_3' title="bbox 344 985 1458 1073; baseline 0.001 -24"><span class='ocrx_word' id='word_1_9' title='bbox 344 994 346 1003; x_wconf 80' lang='lat'><em>&#39;</em></span> <span class='ocrx_word' id='word_1_10' title='bbox 377 985 539 1051; x_wconf 87' lang='lat' dir='ltr'>Procellae</span> <span class='ocrx_word' id='word_1_11' title='bbox 574 986 675 1050; x_wconf 89' lang='lat' dir='ltr'>instar</span> <span class='ocrx_word' id='word_1_12' title='bbox 709 988 835 1051; x_wconf 90' lang='lat' dir='ltr'>insania</span> <span class='ocrx_word' id='word_1_13' title='bbox 866 988 1000 1053; x_wconf 85' lang='lat' dir='ltr'>Aiacem</span> <span class='ocrx_word' id='word_1_14' title='bbox 1034 989 1176 1070; x_wconf 83' lang='lat' dir='ltr'>vexavit,</span> <span class='ocrx_word' id='word_1_15' title='bbox 1208 988 1266 1073; x_wconf 93' lang='lat' dir='ltr'>qui</span> <span class='ocrx_word' id='word_1_16' title='bbox 1290 993 1458 1073; x_wconf 81' lang='lat' dir='ltr'><strong>postquam</strong></span> 
     </span>
     <span class='ocr_line' id='line_1_4' title="bbox 330 1099 1458 1187; baseline 0.001 -25"><span class='ocrx_word' id='word_1_17' title='bbox 330 1099 437 1165; x_wconf 83' lang='lat' dir='ltr'>farore</span> <span class='ocrx_word' id='word_1_18' title='bbox 460 1099 568 1165; x_wconf 88' lang='lat' dir='ltr'>sedato</span> <span class='ocrx_word' id='word_1_19' title='bbox 591 1100 755 1166; x_wconf 79' lang='lat' dir='ltr'>intellexit</span> <span class='ocrx_word' id='word_1_20' title='bbox 778 1102 888 1187; x_wconf 86' lang='lat' dir='ltr'>qualia</span> <span class='ocrx_word' id='word_1_21' title='bbox 911 1102 1052 1166; x_wconf 85' lang='lat' dir='ltr'>facinora</span> <span class='ocrx_word' id='word_1_22' title='bbox 1075 1102 1283 1184; x_wconf 89' lang='lat' dir='ltr'>commiserit,</span> <span class='ocrx_word' id='word_1_23' title='bbox 1308 1101 1373 1165; x_wconf 92' lang='lat' dir='ltr'>sibi</span> <span class='ocrx_word' id='word_1_24' title='bbox 1396 1121 1458 1164; x_wconf 91' lang='lat' dir='ltr'>non</span> 
     </span>
     <span class='ocr_line' id='line_1_5' title="bbox 329 1198 1459 1299; baseline 0.004 -24"><span class='ocrx_word' id='word_1_25' title='bbox 329 1198 454 1278; x_wconf 87' lang='lat' dir='ltr'>diutius</span> <span class='ocrx_word' id='word_1_26' title='bbox 476 1213 650 1279; x_wconf 87' lang='lat' dir='ltr'>vivendum</span> <span class='ocrx_word' id='word_1_27' title='bbox 675 1236 743 1279; x_wconf 87' lang='lat' dir='ltr'>esse</span> <span class='ocrx_word' id='word_1_28' title='bbox 767 1216 897 1299; x_wconf 76' lang='lat' dir='ltr'>statuit,</span> <span class='ocrx_word' id='word_1_29' title='bbox 921 1214 1032 1279; x_wconf 93' lang='lat' dir='ltr'>odium</span> <span class='ocrx_word' id='word_1_30' title='bbox 1057 1216 1143 1279; x_wconf 92' lang='lat' dir='ltr'>enim</span> <span class='ocrx_word' id='word_1_31' title='bbox 1163 1221 1196 1279; x_wconf 84' lang='lat' dir='ltr'>et</span> <span class='ocrx_word' id='word_1_32' title='bbox 1215 1214 1406 1278; x_wconf 79' lang='lat' dir='ltr'>Atridarum</span> <span class='ocrx_word' id='word_1_33' title='bbox 1427 1220 1459 1279; x_wconf 92' lang='lat' dir='ltr'>et</span> 
     </span>
     <span class='ocr_line' id='line_1_6' title="bbox 330 1328 1457 1415; baseline 0.002 -24"><span class='ocrx_word' id='word_1_34' title='bbox 330 1328 527 1413; x_wconf 87' lang='lat' dir='ltr'>reliquorum</span> <span class='ocrx_word' id='word_1_35' title='bbox 560 1328 677 1393; x_wconf 92' lang='lat' dir='ltr'>ducum</span> <span class='ocrx_word' id='word_1_36' title='bbox 709 1330 853 1394; x_wconf 89' lang='lat' dir='ltr'>omnium</span> <span class='ocrx_word' id='word_1_37' title='bbox 878 1331 911 1392; x_wconf 91' lang='lat' dir='ltr'>in</span> <span class='ocrx_word' id='word_1_38' title='bbox 935 1352 970 1394; x_wconf 92' lang='lat' dir='ltr'>se</span> <span class='ocrx_word' id='word_1_39' title='bbox 992 1330 1163 1412; x_wconf 76' lang='lat' dir='ltr'>contraxit,</span> <span class='ocrx_word' id='word_1_40' title='bbox 1186 1330 1292 1415; x_wconf 85' lang='lat' dir='ltr'>iisque</span> <span class='ocrx_word' id='word_1_41' title='bbox 1316 1328 1457 1393; x_wconf 92' lang='lat' dir='ltr'>ludibrio</span> 
     </span>
     <span class='ocr_line' id='line_1_7' title="bbox 330 1441 1543 1529; baseline 0.002 -25"><span class='ocrx_word' id='word_1_42' title='bbox 330 1441 460 1506; x_wconf 88' lang='lat' dir='ltr'>futurus</span> <span class='ocrx_word' id='word_1_43' title='bbox 483 1449 541 1507; x_wconf 86' lang='lat' dir='ltr'>est.</span> <span class='ocrx_word' id='word_1_44' title='bbox 565 1442 647 1507; x_wconf 83' lang='lat' dir='ltr'>Eam</span> <span class='ocrx_word' id='word_1_45' title='bbox 671 1441 890 1508; x_wconf 89' lang='lat' dir='ltr'>condicionem</span> <span class='ocrx_word' id='word_1_46' title='bbox 914 1444 1173 1509; x_wconf 82' lang='lat' dir='ltr'>inextricabilem</span> <span class='ocrx_word' id='word_1_47' title='bbox 1198 1449 1360 1529; x_wconf 89' lang='lat' dir='ltr'>comparat</span> <span class='ocrx_word' id='word_1_48' title='bbox 1383 1464 1457 1507; x_wconf 90' lang='lat' dir='ltr'>cum</span> <span class='ocrx_word' id='word_1_49' title='bbox 1540 1456 1543 1460; x_wconf 86' lang='grc'><strong>’</strong></span> 
     </span>
    </p>
   </div>
   <div class='ocr_carea' id='block_1_3' title="bbox 330 1545 1458 1734">
    <p class='ocr_par' dir='ltr' id='par_1_3' title="bbox 330 1545 1458 1734">
     <span class='ocr_line' id='line_1_8' title="bbox 330 1545 1458 1643; baseline 0.003 -24"><span class='ocrx_word' id='word_1_50' title='bbox 330 1555 425 1620; x_wconf 88' lang='lat' dir='ltr'>undis</span> <span class='ocrx_word' id='word_1_51' title='bbox 448 1555 592 1643; x_wconf 90' lang='lat' dir='ltr'>undique</span> <span class='ocrx_word' id='word_1_52' title='bbox 614 1545 749 1623; x_wconf 85' lang='lat' dir='ltr'>mortem</span> <span class='ocrx_word' id='word_1_53' title='bbox 774 1558 982 1641; x_wconf 80' lang='lat' dir='ltr'>minantibus,</span> <span class='ocrx_word' id='word_1_54' title='bbox 1006 1559 1064 1622; x_wconf 94' lang='lat' dir='ltr'>ubi</span> <span class='ocrx_word' id='word_1_55' title='bbox 1088 1558 1128 1621; x_wconf 88' lang='lat' dir='ltr'>ad</span> <span class='ocrx_word' id='word_1_56' title='bbox 1148 1558 1227 1623; x_wconf 91' lang='lat' dir='ltr'>fidos</span> <span class='ocrx_word' id='word_1_57' title='bbox 1246 1562 1360 1622; x_wconf 89' lang='lat' dir='ltr'>nautas</span> <span class='ocrx_word' id='word_1_58' title='bbox 1380 1578 1458 1643; x_wconf 90' lang='lat' dir='ltr'>que·</span> 
     </span>
     <span class='ocr_line' id='line_1_9' title="bbox 331 1668 601 1734; baseline 0.007 -2"><span class='ocrx_word' id='word_1_59' title='bbox 331 1669 414 1733; x_wconf 89' lang='lat' dir='ltr'>ritur</span> <span class='ocrx_word' id='word_1_60' title='bbox 437 1668 493 1733; x_wconf 85' lang='grc' dir='ltr'>Αἱ.</span> <span class='ocrx_word' id='word_1_61' title='bbox 517 1670 601 1734; x_wconf 83' lang='lat'><strong>352:</strong></span> 
     </span>
    </p>
   </div>
   <div class='ocr_carea' id='block_1_4' title="bbox 529 1840 1294 1928">
    <p class='ocr_par' dir='ltr' id='par_1_4' title="bbox 529 1840 1294 1928">
     <span class='ocr_line' id='line_1_10' title="bbox 529 1840 1294 1928; baseline 0.008 -22"><span class='ocrx_word' id='word_1_62' title='bbox 529 1843 625 1909; x_wconf 79' lang='grc' dir='ltr'><em>ἴδεσθέ</em></span> <span class='ocrx_word' id='word_1_63' title='bbox 648 1847 683 1922; x_wconf 81' lang='grc' dir='ltr'>μ’</span> <span class='ocrx_word' id='word_1_64' title='bbox 707 1840 760 1911; x_wconf 83' lang='grc' dir='ltr'><em>οἷον</em></span> <span class='ocrx_word' id='word_1_65' title='bbox 785 1848 848 1925; x_wconf 73' lang='grc' dir='ltr'><em>ἄρτι</em></span> <span class='ocrx_word' id='word_1_66' title='bbox 873 1852 960 1921; x_wconf 75' lang='grc' dir='ltr'><em>κῦμα</em></span> <span class='ocrx_word' id='word_1_67' title='bbox 983 1848 1097 1927; x_wconf 79' lang='grc' dir='ltr'><em>φοινίας</em></span> <span class='ocrx_word' id='word_1_68' title='bbox 1122 1849 1176 1912; x_wconf 82' lang='grc' dir='ltr'>ὑπὸ</span> <span class='ocrx_word' id='word_1_69' title='bbox 1199 1848 1294 1928; x_wconf 78' lang='grc' dir='ltr'><em>ζοὶλκς</em></span> 
     </span>
    </p>
   </div>
   <div class='ocr_carea' id='block_1_5' title="bbox 529 1959 926 2040">
    <p class='ocr_par' dir='ltr' id='par_1_5' title="bbox 529 1959 926 2040">
     <span class='ocr_line' id='line_1_11' title="bbox 529 1959 926 2040; baseline -0.01 -17"><span class='ocrx_word' id='word_1_70' title='bbox 529 1959 723 2040; x_wconf 76' lang='grc' dir='ltr'><em>οὶροΦίδρομον</em></span> <span class='ocrx_word' id='word_1_71' title='bbox 746 1968 926 2027; x_wconf 75' lang='grc' dir='ltr'><em>κυκλεῖται..</em></span> 
     </span>
    </p>
   </div>
   <div class='ocr_carea' id='block_1_6' title="bbox 333 2120 1457 2321">
    <p class='ocr_par' dir='ltr' id='par_1_6' title="bbox 333 2120 1457 2321">
     <span class='ocr_line' id='line_1_12' title="bbox 372 2120 1457 2212; baseline 0.004 -27"><span class='ocrx_word' id='word_1_72' title='bbox 372 2120 494 2186; x_wconf 81' lang='lat' dir='ltr'>Eadem</span> <span class='ocrx_word' id='word_1_73' title='bbox 529 2122 671 2207; x_wconf 82' lang='lat' dir='ltr'>imagine</span> <span class='ocrx_word' id='word_1_74' title='bbox 705 2122 810 2187; x_wconf 89' lang='lat' dir='ltr'>utitur</span> <span class='ocrx_word' id='word_1_75' title='bbox 843 2122 959 2188; x_wconf 88' lang='lat' dir='ltr'>chorus</span> <span class='ocrx_word' id='word_1_76' title='bbox 995 2123 1035 2189; x_wconf 92' lang='lat' dir='ltr'>de</span> <span class='ocrx_word' id='word_1_77' title='bbox 1067 2124 1232 2212; x_wconf 87' lang='lat' dir='ltr'>Oedipode</span> <span class='ocrx_word' id='word_1_78' title='bbox 1255 2132 1320 2191; x_wconf 89' lang='lat' dir='ltr'>tam</span> <span class='ocrx_word' id='word_1_79' title='bbox 1344 2126 1457 2212; x_wconf 82' lang='lat' dir='ltr'>gravia</span> 
     </span>
     <span class='ocr_line' id='line_1_13' title="bbox 333 2233 706 2321; baseline 0 -22"><span class='ocrx_word' id='word_1_80' title='bbox 333 2256 483 2321; x_wconf 88' lang='lat' dir='ltr'>perpesso</span> <span class='ocrx_word' id='word_1_81' title='bbox 506 2233 577 2299; x_wconf 89' lang='lat' dir='ltr'>OR.</span> <span class='ocrx_word' id='word_1_82' title='bbox 604 2237 706 2299; x_wconf 81' lang='lat'>1524:</span> 
     </span>
    </p>
   </div>
   <div class='ocr_carea' id='block_1_7' title="bbox 402 2372 1277 2569">
    <p class='ocr_par' dir='ltr' id='par_1_7' title="bbox 402 2372 1277 2569">
     <span class='ocr_line' id='line_1_14' title="bbox 797 2372 1172 2458; baseline 0.008 -21"><span class='ocrx_word' id='word_1_83' title='bbox 797 2372 932 2438; x_wconf 82' lang='grc' dir='ltr'>λεύσσετ’</span> <span class='ocrx_word' id='word_1_84' title='bbox 958 2376 1106 2458; x_wconf 56' lang='grc' dir='ltr'>Οἰδίπους&gt;</span> <span class='ocrx_word' id='word_1_85' title='bbox 1120 2374 1172 2440; x_wconf 70' lang='grc' dir='ltr'>ὅδε</span> 
     </span>
     <span class='ocr_line' id='line_1_15' title="bbox 402 2486 1277 2569; baseline 0.006 -20"><span class='ocrx_word' id='word_1_86' title='bbox 402 2487 503 2551; x_wconf 80' lang='lat'>1527:</span> <span class='ocrx_word' id='word_1_87' title='bbox 528 2489 566 2552; x_wconf 78' lang='grc' dir='ltr'>εἷο</span> <span class='ocrx_word' id='word_1_88' title='bbox 591 2486 653 2551; x_wconf 68' lang='grc' dir='ltr'><em>ὅσον</em></span> <span class='ocrx_word' id='word_1_89' title='bbox 677 2488 810 2552; x_wconf 81' lang='grc' dir='ltr'><em>κλύδωνα</em></span> <span class='ocrx_word' id='word_1_90' title='bbox 834 2490 926 2562; x_wconf 79' lang='grc' dir='ltr'><em>δεινῆς</em></span> <span class='ocrx_word' id='word_1_91' title='bbox 950 2494 1107 2569; x_wconf 70' lang='grc' dir='ltr'><em>συμφορᾶς</em></span> <span class='ocrx_word' id='word_1_92' title='bbox 1131 2490 1277 2563; x_wconf 81' lang='grc' dir='ltr'><em>ἐλήλυθεν.</em></span> 
     </span>
    </p>
   </div>
   <div class='ocr_carea' id='block_1_8' title="bbox 277 2647 1455 2857">
    <p class='ocr_par' dir='ltr' id='par_1_8' title="bbox 277 2647 1455 2857">
     <span class='ocr_line' id='line_1_16' title="bbox 277 2647 1453 2741; baseline 0.006 -28"><span class='ocrx_word' id='word_1_93' title='bbox 277 2700 280 2705; x_wconf 91' lang='grc'>.</span> <span class='ocrx_word' id='word_1_94' title='bbox 372 2647 507 2715; x_wconf 90' lang='lat' dir='ltr'>Plenam</span> <span class='ocrx_word' id='word_1_95' title='bbox 541 2650 716 2736; x_wconf 84' lang='lat' dir='ltr'>imaginem</span> <span class='ocrx_word' id='word_1_96' title='bbox 748 2672 766 2717; x_wconf 91' lang='lat' dir='ltr'>e</span> <span class='ocrx_word' id='word_1_97' title='bbox 796 2652 974 2738; x_wconf 85' lang='lat' dir='ltr'>naufragiis</span> <span class='ocrx_word' id='word_1_98' title='bbox 1005 2652 1226 2741; x_wconf 89' lang='lat' dir='ltr'>depromptam</span> <span class='ocrx_word' id='word_1_99' title='bbox 1249 2654 1397 2721; x_wconf 89' lang='lat' dir='ltr'>videmus</span> <span class='ocrx_word' id='word_1_100' title='bbox 1419 2656 1453 2720; x_wconf 92' lang='lat' dir='ltr'>in</span> 
     </span>
     <span class='ocr_line' id='line_1_17' title="bbox 328 2762 1455 2857; baseline 0.007 -29"><span class='ocrx_word' id='word_1_101' title='bbox 328 2762 464 2847; x_wconf 82' lang='lat' dir='ltr'>Electra,</span> <span class='ocrx_word' id='word_1_102' title='bbox 488 2764 546 2829; x_wconf 94' lang='lat' dir='ltr'>ubi</span> <span class='ocrx_word' id='word_1_103' title='bbox 569 2764 772 2852; x_wconf 88' lang='lat' dir='ltr'>paedagogus</span> <span class='ocrx_word' id='word_1_104' title='bbox 795 2769 1056 2833; x_wconf 90' lang='lat' dir='ltr'>commenticium</span> <span class='ocrx_word' id='word_1_105' title='bbox 1079 2770 1230 2834; x_wconf 91' lang='lat' dir='ltr'>nuntium</span> <span class='ocrx_word' id='word_1_106' title='bbox 1250 2769 1352 2853; x_wconf 87' lang='lat' dir='ltr'>affert,</span> <span class='ocrx_word' id='word_1_107' title='bbox 1373 2792 1455 2857; x_wconf 88' lang='lat' dir='ltr'>quae</span> 
     </span>
    </p>
   </div>
   <div class='ocr_carea' id='block_1_9' title="bbox 327 2876 1456 3055">
    <p class='ocr_par' dir='ltr' id='par_1_9' title="bbox 327 2876 1456 3055">
     <span class='ocr_line' id='line_1_18' title="bbox 329 2876 1456 2966; baseline 0.008 -25"><span class='ocrx_word' id='word_1_108' title='bbox 329 2876 462 2942; x_wconf 84' lang='lat' dir='ltr'>Orestae</span> <span class='ocrx_word' id='word_1_109' title='bbox 483 2879 658 2944; x_wconf 90' lang='lat' dir='ltr'>acciderint</span> <span class='ocrx_word' id='word_1_110' title='bbox 680 2901 781 2966; x_wconf 90' lang='lat' dir='ltr'>quum</span> <span class='ocrx_word' id='word_1_111' title='bbox 806 2882 869 2945; x_wconf 89' lang='lat' dir='ltr'>sibi</span> <span class='ocrx_word' id='word_1_112' title='bbox 894 2881 989 2947; x_wconf 89' lang='lat' dir='ltr'>letale</span> <span class='ocrx_word' id='word_1_113' title='bbox 1014 2889 1174 2948; x_wconf 86' lang='lat' dir='ltr'>certamen</span> <span class='ocrx_word' id='word_1_114' title='bbox 1198 2884 1311 2948; x_wconf 88' lang='lat' dir='ltr'>curule</span> <span class='ocrx_word' id='word_1_115' title='bbox 1330 2885 1456 2950; x_wconf 80' lang='lat' dir='ltr'>iniisset</span> 
     </span>
     <span class='ocr_line' id='line_1_19' title="bbox 327 2990 487 3055; baseline 0 -1"><span class='ocrx_word' id='word_1_116' title='bbox 327 2990 379 3055; x_wconf 78' lang='lat' dir='ltr'>El.</span> <span class='ocrx_word' id='word_1_117' title='bbox 405 2992 487 3054; x_wconf 80' lang='lat'><strong>729:</strong></span> 
     </span>
    </p>
   </div>
   <div class='ocr_carea' id='block_1_10' title="bbox 525 3111 1211 3645">
    <p class='ocr_par' dir='ltr' id='par_1_10' title="bbox 525 3111 1211 3645">
     <span class='ocr_line' id='line_1_20' title="bbox 839 3111 1149 3188; baseline 0.01 -16"><span class='ocrx_word' id='word_1_118' title='bbox 839 3113 899 3172; x_wconf 71' lang='grc' dir='ltr'>ποῖν</span> <span class='ocrx_word' id='word_1_119' title='bbox 925 3111 951 3174; x_wconf 89' lang='grc' dir='ltr'>δ’</span> <span class='ocrx_word' id='word_1_120' title='bbox 975 3111 1149 3188; x_wconf 71' lang='grc' dir='ltr'><em>ἐπίμπλατο</em></span> 
     </span>
     <span class='ocr_line' id='line_1_21' title="bbox 528 3222 1099 3301; baseline 0.012 -19"><span class='ocrx_word' id='word_1_121' title='bbox 528 3222 673 3295; x_wconf 76' lang='grc' dir='ltr'><em>ναυαγίων</em></span> <span class='ocrx_word' id='word_1_122' title='bbox 698 3229 831 3301; x_wconf 79' lang='grc' dir='ltr'><em>Κρισαῖον</em></span> <span class='ocrx_word' id='word_1_123' title='bbox 856 3224 980 3287; x_wconf 78' lang='grc' dir='ltr'><em>ἱππικῶν</em></span> <span class='ocrx_word' id='word_1_124' title='bbox 1004 3226 1099 3297; x_wconf 82' lang='grc' dir='ltr'><em>πέδον,</em></span> 
     </span>
     <span class='ocr_line' id='line_1_22' title="bbox 525 3333 1211 3419; baseline 0.009 -23"><span class='ocrx_word' id='word_1_125' title='bbox 525 3335 611 3411; x_wconf 72' lang='grc' dir='ltr'><em>γνοὺς</em></span> <span class='ocrx_word' id='word_1_126' title='bbox 635 3336 661 3399; x_wconf 91' lang='grc' dir='ltr'>δ’</span> <span class='ocrx_word' id='word_1_127' title='bbox 687 3333 738 3410; x_wconf 80' lang='grc' dir='ltr'>οὑξ</span> <span class='ocrx_word' id='word_1_128' title='bbox 760 3338 889 3410; x_wconf 75' lang='grc' dir='ltr'><em>Ἀθηνῶν</em></span> <span class='ocrx_word' id='word_1_129' title='bbox 913 3339 1003 3408; x_wconf 81' lang='grc' dir='ltr'><em>δεῖνος</em></span> <span class='ocrx_word' id='word_1_130' title='bbox 1028 3339 1211 3419; x_wconf 75' lang='grc' dir='ltr'><em>ἡνιοστρόφος</em></span> 
     </span>
     <span class='ocr_line' id='line_1_23' title="bbox 526 3444 1094 3532; baseline 0.007 -22"><span class='ocrx_word' id='word_1_131' title='bbox 526 3444 579 3521; x_wconf 76' lang='grc' dir='ltr'>ἔξω</span> <span class='ocrx_word' id='word_1_132' title='bbox 603 3456 750 3532; x_wconf 67' lang='grc' dir='ltr'><em>παρασπᾷ</em></span> <span class='ocrx_word' id='word_1_133' title='bbox 774 3453 968 3531; x_wconf 76' lang='grc' dir='ltr'><em>κοὶνοκωχεύει</em></span> <span class='ocrx_word' id='word_1_134' title='bbox 992 3453 1094 3532; x_wconf 78' lang='grc' dir='ltr'><em>παρεὶς</em></span> 
     </span>
     <span class='ocr_line' id='line_1_24' title="bbox 526 3562 1152 3645; baseline 0.011 -21"><span class='ocrx_word' id='word_1_135' title='bbox 526 3562 647 3626; x_wconf 78' lang='grc' dir='ltr'><em>κλύδων’</em></span> <span class='ocrx_word' id='word_1_136' title='bbox 672 3563 801 3643; x_wconf 73' lang='grc' dir='ltr'><em>ἔφιππον</em></span> <span class='ocrx_word' id='word_1_137' title='bbox 824 3569 852 3628; x_wconf 86' lang='grc' dir='ltr'>ἕν</span> <span class='ocrx_word' id='word_1_138' title='bbox 876 3566 957 3645; x_wconf 81' lang='grc' dir='ltr'><em>μέσῳ</em></span> <span class='ocrx_word' id='word_1_139' title='bbox 981 3568 1152 3645; x_wconf 78' lang='grc' dir='ltr'><em>κυκώμενον.</em></span> 
     </span>
    </p>
   </div>
   <div class='ocr_carea' id='block_1_11' title="bbox 324 3723 1452 4276">
    <p class='ocr_par' dir='ltr' id='par_1_11' title="bbox 324 3723 1452 4042">
     <span class='ocr_line' id='line_1_25' title="bbox 368 3723 1452 3810; baseline 0.011 -23"><span class='ocrx_word' id='word_1_140' title='bbox 368 3723 476 3788; x_wconf 81' lang='lat' dir='ltr'>Etiam</span> <span class='ocrx_word' id='word_1_141' title='bbox 511 3726 667 3790; x_wconf 86' lang='lat' dir='ltr'>notandus</span> <span class='ocrx_word' id='word_1_142' title='bbox 698 3734 746 3792; x_wconf 89' lang='lat' dir='ltr'>est</span> <span class='ocrx_word' id='word_1_143' title='bbox 777 3750 854 3794; x_wconf 90' lang='lat' dir='ltr'>usus</span> <span class='ocrx_word' id='word_1_144' title='bbox 889 3731 979 3796; x_wconf 83' lang='lat' dir='ltr'>verbi</span> <span class='ocrx_word' id='word_1_145' title='bbox 1011 3736 1173 3810; x_wconf 75' lang='grc' dir='ltr'><em>παρασπέιν</em></span> <span class='ocrx_word' id='word_1_146' title='bbox 1196 3731 1262 3797; x_wconf 81' lang='grc'>00.</span> <span class='ocrx_word' id='word_1_147' title='bbox 1290 3735 1395 3798; x_wconf 80' lang='lat'>1185:</span> <span class='ocrx_word' id='word_1_148' title='bbox 1421 3737 1452 3800; x_wconf 83' lang='grc' dir='ltr'>οὐ</span> 
     </span>
     <span class='ocr_line' id='line_1_26' title="bbox 324 3836 1451 3921; baseline 0.012 -21"><span class='ocrx_word' id='word_1_149' title='bbox 324 3836 382 3916; x_wconf 72' lang='grc' dir='ltr'><em>γοὶρ</em></span> <span class='ocrx_word' id='word_1_150' title='bbox 417 3862 450 3901; x_wconf 86' lang='grc' dir='ltr'>σε</span> <span class='ocrx_word' id='word_1_151' title='bbox 484 3841 551 3918; x_wconf 76' lang='grc' dir='ltr'><em>πρὸς</em></span> <span class='ocrx_word' id='word_1_152' title='bbox 582 3840 652 3915; x_wconf 79' lang='grc' dir='ltr'><em>βίαν</em></span> <span class='ocrx_word' id='word_1_153' title='bbox 684 3841 874 3920; x_wconf 60' lang='grc' dir='ltr'><em>παραστάσει</em></span> <span class='ocrx_word' id='word_1_154' title='bbox 905 3846 1036 3921; x_wconf 70' lang='grc' dir='ltr'><em>γνώμας,</em></span> <span class='ocrx_word' id='word_1_155' title='bbox 1069 3852 1101 3910; x_wconf 87' lang='lat' dir='ltr'>et</span> <span class='ocrx_word' id='word_1_156' title='bbox 1131 3849 1206 3911; x_wconf 81' lang='lat' dir='ltr'>Ant.</span> <span class='ocrx_word' id='word_1_157' title='bbox 1234 3848 1316 3911; x_wconf 79' lang='lat'>791:</span> <span class='ocrx_word' id='word_1_158' title='bbox 1340 3848 1376 3911; x_wconf 83' lang='grc' dir='ltr'>σὺ</span> <span class='ocrx_word' id='word_1_159' title='bbox 1400 3849 1451 3913; x_wconf 76' lang='grc' dir='ltr'>καὶ</span> 
     </span>
     <span class='ocr_line' id='line_1_27' title="bbox 325 3932 1095 4042; baseline 0.017 -29"><span class='ocrx_word' id='word_1_160' title='bbox 325 3932 439 4014; x_wconf 76' lang='grc' dir='ltr'><em>δικαίων</em></span> <span class='ocrx_word' id='word_1_161' title='bbox 462 3952 578 4025; x_wconf 71' lang='grc' dir='ltr'><em>ἀδίκους</em></span> <span class='ocrx_word' id='word_1_162' title='bbox 603 3954 713 4033; x_wconf 79' lang='grc' dir='ltr'><em>Φρένοις</em></span> <span class='ocrx_word' id='word_1_163' title='bbox 738 3963 901 4038; x_wconf 72' lang='grc' dir='ltr'><em>παρασπᾷς</em></span> <span class='ocrx_word' id='word_1_164' title='bbox 925 3958 975 4022; x_wconf 76' lang='grc' dir='ltr'>ἐπὶ</span> <span class='ocrx_word' id='word_1_165' title='bbox 998 3959 1095 4042; x_wconf 74' lang='grc' dir='ltr'><em>λώβᾳ.</em></span> 
     </span>
    </p>

    <p class='ocr_par' dir='ltr' id='par_1_12' title="bbox 324 4064 1452 4276">
     <span class='ocr_line' id='line_1_28' title="bbox 368 4064 1451 4159; baseline 0.013 -32"><span class='ocrx_word' id='word_1_166' title='bbox 368 4064 421 4128; x_wconf 89' lang='lat' dir='ltr'>Ad</span> <span class='ocrx_word' id='word_1_167' title='bbox 452 4086 503 4130; x_wconf 84' lang='lat' dir='ltr'>res</span> <span class='ocrx_word' id='word_1_168' title='bbox 532 4069 676 4132; x_wconf 84' lang='lat' dir='ltr'>nauticas</span> <span class='ocrx_word' id='word_1_169' title='bbox 707 4071 826 4155; x_wconf 90' lang='lat' dir='ltr'>pariter</span> <span class='ocrx_word' id='word_1_170' title='bbox 849 4073 988 4157; x_wconf 88' lang='lat' dir='ltr'>pertinet</span> <span class='ocrx_word' id='word_1_171' title='bbox 1011 4073 1118 4158; x_wconf 89' lang='lat' dir='ltr'>imago</span> <span class='ocrx_word' id='word_1_172' title='bbox 1142 4095 1206 4159; x_wconf 89' lang='lat' dir='ltr'>qua</span> <span class='ocrx_word' id='word_1_173' title='bbox 1232 4075 1335 4139; x_wconf 90' lang='lat' dir='ltr'>utitur</span> <span class='ocrx_word' id='word_1_174' title='bbox 1360 4075 1451 4141; x_wconf 81' lang='lat' dir='ltr'>Tire·</span> 
     </span>
     <span class='ocr_line' id='line_1_29' title="bbox 324 4176 1452 4276; baseline 0.014 -36"><span class='ocrx_word' id='word_1_175' title='bbox 324 4176 397 4260; x_wconf 88' lang='lat' dir='ltr'>sias,</span> <span class='ocrx_word' id='word_1_176' title='bbox 433 4185 469 4242; x_wconf 90' lang='lat' dir='ltr'>ut</span> <span class='ocrx_word' id='word_1_177' title='bbox 498 4185 580 4245; x_wconf 87' lang='lat' dir='ltr'>tecte</span> <span class='ocrx_word' id='word_1_178' title='bbox 612 4180 770 4268; x_wconf 91' lang='lat' dir='ltr'>Oedipodi</span> <span class='ocrx_word' id='word_1_179' title='bbox 793 4184 956 4270; x_wconf 89' lang='lat' dir='ltr'>praedicat</span> <span class='ocrx_word' id='word_1_180' title='bbox 979 4206 1061 4271; x_wconf 89' lang='lat' dir='ltr'>quae</span> <span class='ocrx_word' id='word_1_181' title='bbox 1085 4189 1169 4251; x_wconf 88' lang='lat' dir='ltr'>mala</span> <span class='ocrx_word' id='word_1_182' title='bbox 1192 4189 1222 4252; x_wconf 90' lang='lat' dir='ltr'>ei</span> <span class='ocrx_word' id='word_1_183' title='bbox 1245 4190 1452 4276; x_wconf 89' lang='lat' dir='ltr'>impendeant</span> 
     </span>
    </p>
   </div>
   <div class='ocr_carea' id='block_1_12' title="bbox 323 4295 1513 4490">
    <p class='ocr_par' dir='ltr' id='par_1_13' title="bbox 323 4295 1513 4490">
     <span class='ocr_line' id='line_1_30' title="bbox 324 4295 1513 4391; baseline 0.012 -35"><span class='ocrx_word' id='word_1_184' title='bbox 324 4313 519 4379; x_wconf 91' lang='lat' dir='ltr'>quamquam</span> <span class='ocrx_word' id='word_1_185' title='bbox 555 4314 589 4358; x_wconf 90' lang='lat' dir='ltr'>re</span> <span class='ocrx_word' id='word_1_186' title='bbox 623 4295 762 4359; x_wconf 86' lang='lat' dir='ltr'>secunda</span> <span class='ocrx_word' id='word_1_187' title='bbox 794 4317 872 4361; x_wconf 88' lang='lat' dir='ltr'>usus</span> <span class='ocrx_word' id='word_1_188' title='bbox 895 4298 935 4361; x_wconf 89' lang='lat' dir='ltr'>ad</span> <span class='ocrx_word' id='word_1_189' title='bbox 959 4320 1123 4364; x_wconf 86' lang='lat' dir='ltr'>summum</span> <span class='ocrx_word' id='word_1_190' title='bbox 1146 4300 1313 4388; x_wconf 85' lang='lat' dir='ltr'>fastigium</span> <span class='ocrx_word' id='word_1_191' title='bbox 1337 4325 1450 4391; x_wconf 88' lang='lat' dir='ltr'>perve·</span> <span class='ocrx_word' id='word_1_192' title='bbox 1510 4305 1513 4309; x_wconf 73' lang='grc'><em>’</em></span> 
     </span>
     <span class='ocr_line' id='line_1_31' title="bbox 323 4404 618 4490; baseline 0.007 -21"><span class='ocrx_word' id='word_1_193' title='bbox 323 4405 416 4490; x_wconf 86' lang='lat' dir='ltr'>norit,</span> <span class='ocrx_word' id='word_1_194' title='bbox 441 4404 511 4469; x_wconf 90' lang='lat' dir='ltr'>OR.</span> <span class='ocrx_word' id='word_1_195' title='bbox 536 4408 618 4471; x_wconf 80' lang='lat'>420:</span> 
     </span>
    </p>
   </div>
   <div class='ocr_carea' id='block_1_13' title="bbox 0 0 1754 5375">
    <p class='ocr_par' dir='ltr' id='par_1_14' title="bbox 0 0 1754 5375">
     <span class='ocr_line' id='line_1_32' title="bbox 0 0 1754 5375; baseline 0 2"><span class='ocrx_word' id='word_1_196' title='bbox 0 0 1754 5375; x_wconf 95' lang='lat' dir='ltr'> </span> 
     </span>
    </p>
   </div>
  </div>
 </body>
</html>
