3500 5375
865 691 928 753 122

287 874 289 937 i
329 871 452 938 Graeca
487 881 519 939 ct
542 876 575 938 in
599 875 744 961 qualibet
767 876 832 939 alia
855 875 977 959 lingua,
1002 895 1085 960 quac
1110 896 1182 939 cum
1207 873 1358 960 loquendi
1381 896 1454 940 oon-

289 1054 291 1067 ,
329 984 499 1052 suetudine
522 988 600 1053 adeo
620 987 816 1070 coaluerunt,
836 994 872 1052 ut
892 1010 935 1052 ax
956 988 1026 1073 ipso
1045 1008 1191 1051 sermone
1209 987 1306 1052 avelli
1327 971 1455 1074 prorsus

289 1088 292 1115 ²
330 1109 502 1187 nequeant,
527 1108 559 1165 et
582 1122 666 1187 quae
689 1122 727 1165 eo
749 1122 852 1187 usquc
875 1121 937 1164 usu
960 1101 1054 1165 tritae
1077 1106 1152 1165 sunt
1170 1101 1455 1190 atquc'cbsoletae,

293 1261 294 1281 t
330 1220 366 1277 ut
395 1214 464 1299 jam
498 1234 592 1278 nemo
627 1215 667 1278 ad
702 1212 931 1295 easattandat,
956 1214 1229 1300 quinetiam,ut
1254 1214 1455 1301 proprioris

330 1328 388 1392 vix
411 1347 448 1390 ac
470 1348 511 1391 nc
535 1328 592 1392 vix
616 1328 747 1413 quidam
771 1326 939 1423 sentiatur.

374 1439 477 1504 Aliud
511 1439 642 1507 accedit.
678 1438 751 1505 Non
787 1461 957 1526 possumus
987 1439 1135 1526 judicare
1169 1440 1208 1506 de
1240 1439 1280 1504 iis
1311 1440 1454 1525 vocibus,

329 1574 467 1639 quarum
503 1553 660 1618 derivatio
685 1552 778 1617 bodie
801 1553 897 1635 latet3
921 1558 997 1617 sunt
1020 1572 1103 1639 quae
1127 1573 1197 1616 raro
1221 1552 1273 1618 vel
1297 1553 1396 1619 semel
1421 1554 1454 1616 in

331 1674 395 1732 tota
419 1666 601 1733 Graecitate
625 1668 782 1752 legantur,
804 1668 873 1731 sive
893 1666 1127 1751 significatione
1147 1666 1266 1730 rariore
1279 1665 1332 1729 hic
1346 1665 1455 1730 illicve

331 1788 515 1865 occurrant3
551 1802 628 1844 num
666 1780 746 1845 forte
781 1800 819 1845 ea
853 1778 1046 1863 significatio
1080 1799 1177 1864 quam
1210 1800 1268 1843 nos
1290 1785 1454 1865 tamquam

331 1896 483 1960 rariorem
519 1896 677 1959 miramur
708 1916 742 1959 rc
764 1914 840 1959 vera
862 1893 903 1956 ad
927 1892 1013 1957 vocis
1035 1893 1193 1977 originem
1217 1899 1314 1978 atque
1338 1893 1456 1978 prima·

331 2008 412 2071 riam
437 2008 503 2071 vim
528 2008 659 2093 propius
682 2006 809 2071 accedat
832 2007 906 2093 quis
929 2005 1038 2069 dicat?

376 2119 476 2206 Apud
515 2121 705 2186 recentiores
740 2120 916 2184 multarum
952 2140 1066 2183 vocum
1100 2116 1294 2202 significatio
1329 2139 1457 2204 prorsus

331 2233 489 2317 deflectit3
525 2255 583 2297 cur
617 2233 805 2297 incredibile
840 2241 890 2297 cst
911 2231 997 2318 apud
1022 2230 1202 2297 Homerum
1227 2232 1273 2315 (et
1295 2230 1381 2316 apud
1404 2252 1457 2295 cos

332 2348 390 2433 qui
414 2368 488 2412 aum
513 2346 632 2410 imitati
655 2347 732 2426 sint)
756 2366 923 2410 occurrere
947 2366 1038 2410 voces
1060 2366 1198 2430 quarum
1222 2346 1456 2429 sententiajam

332 2461 410 2523 satis
445 2460 584 2524 multum
618 2459 789 2524 deflexerit
823 2458 863 2522 ab
895 2479 933 2522 ea
964 2478 1060 2543 quam
1086 2457 1236 2521 habuerit
1258 2458 1457 2543 temporibus

332 2572 428 2636 etiam
453 2573 547 2656 longe
571 2572 824 2637 vetustioribus?
849 2570 939 2635 Idem
967 2571 1052 2636 valet
1075 2570 1114 2635 de
1133 2571 1366 2636 locutionibus:
1384 2577 1459 2635 sunt

333 2707 470 2773 quarum
503 2688 631 2772 propria
655 2688 704 2750 vis
727 2693 894 2772 postquam
918 2687 1036 2750 sensim
1061 2684 1164 2770 magis
1189 2686 1356 2771 magisque
1379 2684 1458 2750 deli-

334 2799 406 2880 tuit,
442 2799 568 2863 tandem
604 2821 733 2885 prorsus
767 2799 917 2882 evanuit,
953 2800 1051 2862 immo
1086 2800 1121 2861 in
1151 2805 1257 2862 nostra
1289 2801 1458 2864 vernacula

333 2912 445 2997 lingua
468 2913 642 2977 locutiones
665 2913 793 2996 ignotae
816 2912 951 2996 originis
975 2913 1159 2976 etiamnunc
1179 2914 1394 2978 usitatasesse
1407 2935 1458 2977 me

335 3045 470 3110 puerum
494 3025 528 3088 in
553 3023 659 3090 schola
681 3025 832 3090 didicisse
856 3025 1001 3089 memini.

379 3135 468 3202 Inter
491 3158 529 3202 ea
549 3158 633 3224 quac
656 3159 717 3202 usu
740 3140 816 3202 trita
835 3144 932 3224 atque
952 3137 1092 3202 obsoleta
1104 3158 1172 3202 esse
1185 3136 1341 3219 diximus,
1354 3137 1458 3223 primo

334 3252 402 3316 loco
425 3251 618 3316 nominanda
641 3258 717 3316 sunt
739 3252 846 3334 verba,
869 3273 952 3338 qnae
976 3251 1103 3337 proprie
1126 3251 1166 3317 de
1184 3251 1370 3315 hominibus
1389 3251 1458 3315 sive

333 3365 529 3429 animalibus
557 3364 642 3430 dicta
676 3364 791 3431 deinde
824 3365 864 3428 ad
895 3366 959 3429 alia
982 3366 1135 3429 translata
1158 3371 1243 3447 sunt,
1267 3385 1330 3429 non
1353 3363 1457 3429 solum

335 3501 373 3544 ca
402 3499 486 3565 qnae
516 3487 660 3544 concreta
691 3478 865 3543 sedetiam
890 3500 974 3565 quae
998 3479 1155 3542 abstracta
1179 3478 1284 3543 dicere
1307 3479 1457 3543 solemus.

336 3594 460 3659 Prioris
484 3594 611 3679 generis
635 3592 821 3679 exemplum
846 3591 1003 3656 habemus
1026 3592 1104 3657 Ant.
1130 3593 1213 3655 712:

580 3769 645 3850 ὁρᾷς
669 3767 749 3847 παροδ
772 3767 892 3848 ῥείθροισι
916 3767 1082 3845 χειμάρροος
1105 3765 1160 3829 ὅσοι

581 3881 697 3960 δένδρων
721 3880 838 3954 ὑπείκει,
861 3883 976 3951 κλῶνας
999 3881 1036 3951 ὡς
1059 3878 1227 3959 ἐκοώζετοον,

336 4045 469 4111 atterius
491 4045 619 4130 generis
643 4043 793 4129 exempla
816 4043 975 4107 sufficiant
999 4040 1077 4105 Ant.
1098 4042 1181 4105 328:
1203 4047 1288 4105 τοῦτο
1307 4041 1364 4121 γὰρ
1377 4040 1457 4120 τύχη

338 4159 428 4240 κρίνει,
461 4159 505 4223 ib.
537 4182 582 4224 vs.
615 4159 697 4222 235:
721 4164 774 4229 τῆς
799 4157 919 4227 ἐλπίδος
942 4156 999 4234 γὰρ
1023 4154 1149 4235 ἔρχοροον
1172 4154 1376 4234 δεδραγμένος,
1401 4155 1459 4220 ubi

334 4276 402 4361 jam
427 4272 538 4338 eadem
564 4271 748 4357 metaphora
770 4268 970 4354 agnoscenda
992 4290 1062 4334 csse
1087 4267 1289 4353 videturque
1301 4289 1356 4330 nos
1369 4275 1459 4332 nten-

339 4395 386 4452 tes
409 4409 497 4473 spem
521 4406 654 4450 ancorae
677 4384 819 4468 imagine
845 4389 1109 4469 representamus.
1135 4379 1184 4447 cf.
1210 4380 1280 4445 ΟΒ.
1302 4381 1385 4444 865:
