3500 5375
745 1474 962 1548 CAPUT
1013 1474 1059 1545 X.
1173 1532 1176 1537 .

384 1979 460 2045 Huc
494 2001 597 2065 usque
627 1981 696 2065 jam
731 1980 859 2065 saepius
895 1978 1037 2043 uidimus
1073 1999 1183 2042 omnes
1215 1999 1276 2061 res,
1304 1969 1491 2065 aquibusl

340 2094 498 2180 imagines
533 2099 699 2158 mutuatus
733 2095 776 2157 sit
810 2091 993 2179 Sophocles,
1024 2093 1065 2157 ab
1096 2114 1134 2157 eo
1156 2094 1285 2179 penitus
1307 2093 1465 2177 cognosci.
1482 2079 1488 2182 J

340 2207 528 2293 Diligentius,
553 2227 649 2293 quam
681 2207 714 2269 in
738 2206 900 2270 fabrorum
925 2206 1049 2270 artibus
1073 2204 1282 2291 respiciendis
1304 2205 1486 2295 adhibuitl

341 2321 536 2407 (dequibus
562 2343 637 2385 mox
660 2319 831 2386 dicendum
857 2321 942 2405 erit),
967 2319 1026 2385 Ed.
1051 2318 1246 2385 Muellerum
1270 2319 1409 2384 adduxit
1430 2307 1485 2384 utl

341 2442 495 2500 statueret
529 2434 717 2521 Sophoclem
754 2457 891 2522 puerum
921 2436 1032 2500 crebro
1056 2436 1089 2499 in
1114 2435 1214 2521 patris
1237 2435 1372 2499 officinis
1396 2456 1466 2499 ver-

340 2556 456 2631 satum,
492 2548 567 2613 inde
604 2549 733 2613 illarum
768 2570 848 2635 quas
883 2549 1000 2614 cotidie
1035 2548 1112 2613 olim
1147 2547 1349 2635 adspexisset
1383 2554 1492 2613 artes·

341 2661 485 2728 vividam
509 2663 696 2728 memoriam
722 2663 894 2729 retinuisse
906 2665 940 2742 1).

387 2777 474 2859 Alia,
509 2783 541 2841 et
574 2796 658 2863 quae
692 2777 794 2841 multo
829 2776 959 2862 majoris
994 2776 1149 2840 momenti
1179 2783 1264 2858 sunt,
1295 2783 1369 2840 ante
1401 2776 1467 2840 fero

341 2911 462 2955 anuum
487 2890 665 2976 disputavit
688 2891 739 2954 vir
760 2890 871 2955 doctus
895 2889 1052 2954 Zielinski
1068 2894 1090 2971 ²)
1109 2889 1209 2954 dubio
1222 2889 1331 2976 procul
1344 2890 1467 2954 eximia

341 3005 513 3090 sagacitate
538 3003 711 3090 praeditus.
737 3003 810 3068 Non
834 3004 961 3068 dubitat
985 3004 1041 3069 ille
1064 3004 1255 3069 sententiam
1280 3003 1465 3069 enuntiare:

345 3116 536 3204 „Sophocles
572 3139 637 3182 war
672 3117 784 3200 Arzt,”
820 3118 914 3181 cuius
945 3118 991 3182 rei
1021 3117 1140 3182 indicia
1163 3139 1197 3182 se
1220 3117 1367 3182 invenire
1389 3116 1468 3182 dicit
1507 3186 1509 3197 ,

342 3230 499 3318 quaedam
535 3232 568 3294 in
599 3231 678 3297 Oed.
710 3230 801 3316 Rege
824 3238 856 3296 et
879 3231 1053 3316 Antigone,
1076 3251 1179 3318 pauca
1202 3232 1234 3294 in
1259 3231 1371 3313 Aiace,
1396 3231 1467 3318 plu·
1506 3218 1510 3275 l

342 3346 424 3410 rima
455 3367 530 3410 vcro
553 3353 585 3411 et
607 3347 786 3410 certissima
810 3346 844 3409 iu
868 3344 1048 3411 Philocteta
1070 3352 1103 3410 et
1126 3345 1319 3410 Trachiniis.
1344 3346 1466 3412 Rerum
1507 3377 1510 3427 p

342 3460 473 3544 fastigia
496 3480 744 3525 commemorare
766 3481 829 3524 non
852 3461 999 3545 ineptum
1023 3469 1080 3524 est.
1508 3435 1515 3494 l

388 3571 558 3658 Sophocles
582 3573 727 3637 sacerdos
750 3581 818 3638 erat
840 3574 984 3656 Alconis,
1009 3575 1066 3660 qui
1091 3594 1155 3638 una
1178 3595 1251 3638 oum
1272 3574 1467 3659 Aesculapio

342 3693 443 3750 artem
479 3685 634 3750 medicam
670 3686 784 3750 didicit
814 3707 832 3750 a
857 3685 1015 3770 Chirone3
1039 3687 1272 3773 Aesculapium
1296 3687 1468 3773 praecipue

343 3801 466 3865 colebat
500 3798 681 3886 Sophocles,
714 3822 853 3886 eumque
885 3822 962 3866 suae
993 3800 1078 3864 domi
1104 3802 1260 3888 recepisse
1283 3800 1465 3885 dicebatur3

344 3921 452 4001 postea
483 3915 553 4000 ipse
583 3913 754 4000 Sophocles
785 3914 914 3980 Dexion
938 3916 1121 3979 nominatus
1145 3916 1176 3979 in
1197 3914 1331 3980 heroum
1354 3937 1468 3981 uume-

344 4051 416 4094 rum
440 4029 559 4094 relatus
582 4036 639 4094 est.
1218 4007 1223 4022 ⁸

1499 2850 1503 2897 l

379 4305 405 4367 l)
424 4304 461 4354 Cl.
478 4304 573 4353 Luecl.
592 4302 624 4361 ll,
641 4318 696 4366 pag.
713 4306 801 4351 annot.
817 4299 841 4351 3.

379 4395 408 4462 2)
425 4395 517 4444 Puilol.
534 4392 607 4456 1806,
626 4409 679 4462 pag.
697 4391 747 4442 596
757 4407 813 4464 sqq.
