3500 5375
868 748 909 811 67

296 954 299 965 ·
327 940 449 1021 ,potest
471 933 652 1000 similitudo
674 932 861 1021 deprompta
886 955 956 1001 esse
974 933 1015 1000 ab
1036 934 1088 1018 iis,
1100 933 1157 1021 qui
1170 952 1282 1021 reapse
1293 931 1450 1011 δημεύουσι

327 1050 415 1129 ,sive
437 1049 540 1113 sulcos
563 1048 695 1132 ducunt,
719 1048 741 1112 i.
756 1070 783 1113 e.
804 1070 823 1112 a
844 1047 946 1114 hobus
965 1049 1155 1132 aratoribus,
1175 1069 1312 1135 quorum
1325 1047 1451 1134 gressui

327 1161 435 1243 ,tardo
457 1170 489 1226 et
512 1161 637 1226 difficili
659 1169 733 1248 apte
757 1162 899 1226 incessus
919 1161 1136 1227 Philocteteus
1154 1161 1302 1227 contendi
1314 1160 1451 1248 potnit.'’

324 1274 480 1340 Provocat
503 1282 573 1340 turn
600 1276 650 1340 vir
673 1276 784 1340 doctus
807 1275 847 1339 ad
873 1298 919 1341 vs.
945 1263 1027 1340 291:
1051 1275 1190 1353 εἰλοόμην
1213 1276 1350 1348 δύστηνον
1369 1272 1450 1349 ἐξέλ-

324 1414 379 1453 κων
415 1388 501 1462 πόδοο,
537 1398 568 1454 et
603 1412 650 1453 vo.
684 1390 765 1453 701:
801 1384 878 1467 εἷρπε
901 1390 958 1468 γὰρ
982 1389 1086 1453 ἄλλοτ’
1112 1394 1196 1472 οἳλλρο
1218 1389 1279 1453 τότ’
1303 1389 1339 1453 ἂν
1361 1386 1451 1451 εἰλυο-

326 1526 428 1579 μενοςς
453 1502 568 1567 deinde
592 1503 713 1589 pergit:
743 1502 902 1588 ,perbene
926 1502 1066 1589 protecto
1089 1503 1168 1568 haec
1186 1507 1367 1588 congruunt
1378 1522 1452 1566 cum

329 1637 459 1702 ,gressu
495 1638 592 1702 quem
624 1616 743 1681 habent
766 1617 919 1688 εἱλίποδες.
944 1617 990 1681 At
1015 1638 1089 1683 vero
1113 1623 1217 1704 potest
1239 1618 1337 1682 etiam
1353 1637 1453 1712 ,voca-

330 1730 462 1811 ,bulum
499 1730 701 1795 referendum
726 1751 795 1794 esse
818 1730 858 1793 ad
880 1752 1044 1814 messores,
1069 1753 1131 1796 nou
1155 1731 1237 1814 ideo,
1261 1730 1345 1817 quod
1368 1736 1454 1795 recta

329 1845 533 1932 ,procedunt
558 1845 613 1910 sed
635 1845 718 1931 quod
742 1866 854 1931 gressu
875 1851 1012 1910 utuntur
1031 1868 1160 1932 prorsus
1179 1844 1337 1931 singulari
1349 1845 1454 1908 maxi·

330 1981 465 2046 „meque
489 1959 654 2046 impedito,
678 1980 737 2024 nec
761 1959 935 2024 dissimiles
958 1966 1033 2024 sunt
1057 1960 1346 2025 claudicantibus.’'

372 2072 443 2137 Hae
478 2074 512 2136 in
547 2095 581 2137 re
618 2074 722 2137 virum
755 2073 883 2137 doctum
916 2074 1101 2160 ceteroquin
1124 2080 1255 2139 acutum
1278 2095 1298 2137 a
1322 2074 1456 2139 veritate

327 2193 485 2253 remotum
516 2209 585 2252 esse
618 2194 704 2273 puto.
730 2186 833 2252 Paulo
857 2196 931 2252 aute
955 2188 1101 2254 refellere
1124 2194 1256 2254 conatus
1278 2194 1327 2253 est
1348 2186 1455 2252 Wun-

326 2300 440 2365 derum
474 2306 506 2365 et
537 2299 793 2383 Weckleiniuur,
817 2302 937 2387 quibus
967 2302 1006 2367 de
1028 2310 1133 2367 aratro
1157 2302 1360 2387 cogitandum
1386 2322 1456 2366 esse

328 2414 465 2501 placuit3
492 2422 581 2500 rogat
604 2414 787 2479 Lueekius:
815 2437 952 2502 ,ecquae
975 2425 1083 2481 autem
1106 2416 1285 2482 similitudo
1304 2424 1352 2481 est
1373 2416 1456 2480 iuter

331 2529 446 2608 ,aratri
473 2529 647 2613 vestigium
673 2549 837 2615 nunquam
863 2530 1082 2595 intermissum
1107 2537 1139 2596 et
1161 2552 1307 2617 gressum
1328 2529 1457 2595 Philoc-

331 2648 443 2726 ,tetae,
477 2644 534 2729 qni
567 2642 680 2730 pedem
713 2645 862 2730 quamvis
886 2665 929 2708 ex
953 2645 1060 2711 ulcere
1083 2644 1232 2710 claudum
1257 2665 1342 2710 nuuc
1365 2643 1457 2709 attol-

332 2755 417 2838 ,lere
441 2777 526 2820 nunc
550 2777 668 2842 ponere
691 2754 832 2822 debet?'‘

374 2869 445 2935 Hoc
478 2871 584 2956 ipsum
619 2854 730 2936 tamen
749 2871 892 2936 dubitari
917 2879 1029 2958 potest,
1054 2874 1082 2937 si
1106 2872 1202 2938 fidem
1227 2872 1326 2939 habes
1351 2871 1458 2938 verbis

329 3007 375 3049 rs.
401 2986 462 3047 291
490 2985 627 3058 δύστηνον
651 2983 775 3060 ἐξέλκων
799 2987 886 3058 πόδοι,
912 3007 995 3072 quae
1014 2987 1048 3050 ui
1068 2986 1162 3052 fallor
1181 2987 1265 3051 nihil
1276 2986 1459 3072 significant

329 3099 410 3162 nisi:
434 3098 548 3185 pedem
572 3099 745 3164 laceratum
771 3106 1008 3186 superterram
1032 3100 1195 3166 attrahens
1218 3102 1263 3165 ita
1289 3107 1326 3165 ut
1345 3101 1460 3167 leviter

329 3233 458 3277 arenam
482 3213 637 3278 inscribat
659 3220 756 3299 atque
781 3215 866 3278 viam
891 3216 984 3300 quasi
1008 3216 1096 3280 sulco
1119 3217 1234 3300 signet.

374 3325 465 3391 Idem
500 3327 637 3392 sensisse
674 3326 800 3391 videtur
835 3327 1015 3410 scholiasta,
1048 3329 1106 3414 qui
1136 3328 1265 3392 adnotat
1294 3327 1335 3391 ad
1359 3328 1458 3392 rerba

329 3438 391 3502 τότ’
415 3437 451 3503 ἂν
474 3438 646 3517 εἰλνόμενος·
673 3443 849 3516 κηλούμενος,
874 3440 977 3519 χερσὶν
1000 3442 1209 3521 ἐπερειδόμενος
1234 3441 1283 3504 uui
1304 3439 1395 3504 ἕλκων
1415 3440 1457 3504 τοὶ

330 3553 419 3627 σκέλη
457 3555 494 3624 ὡς
529 3553 627 3626 νηποος
662 3561 737 3626 ποεῖς
772 3553 839 3616 ἄνευ
871 3555 985 3628 τιθήνης
1018 3555 1231 3634 τετροοποδηδὸν
1263 3555 1401 3635 βοοδίζοον,
1426 3560 1460 3619 et

330 3666 463 3732 tortasse
494 3669 591 3731 etiam
626 3667 794 3731 Nauckius
819 3667 904 3732 idem
929 3669 1049 3733 voluit:
1077 3669 1162 3750 ,Das
1185 3670 1350 3755 laugsame
1375 3668 1459 3733 Hin-

334 3780 465 3861 ,niehen
498 3780 554 3846 der
585 3780 680 3868 Spur,
705 3781 826 3846 welche
849 3781 905 3846 der
928 3781 1026 3867 Pflug
1051 3783 1084 3845 iu
1107 3782 1179 3847 dem
1204 3782 1315 3848 Acker
1338 3782 1461 3846 hiuter·

335 3894 441 3977 ,lisst
474 3893 563 3960 dient
593 3896 640 3959 als
671 3894 841 3961 treffendes
873 3895 948 3958 Bild
973 3895 1026 3960 fiir
1051 3896 1108 3960 das
1129 3895 1381 3982 Fortschleppeu
1407 3895 1463 3960 des

334 4008 501 4090 ,kranken
524 4010 676 4074 Fusses.”

375 4121 521 4187 Verbum
546 4125 666 4203 σπείρειν
690 4123 730 4189 de
754 4131 843 4209 patre
865 4122 931 4187 diei
956 4124 1160 4189 notissimum
1185 4129 1243 4206 est,
1256 4123 1376 4208 legitur
1389 4145 1421 4187 ν.
1434 4129 1485 4187 c.'

333 4237 386 4302 Αἱ.
413 4237 498 4300 1293
523 4238 632 4317 Ἀτρὲοο
655 4239 681 4301 δ’
705 4237 734 4309 ὃς
754 4231 793 4300 οοῦ
813 4238 841 4299 σ’
862 4235 972 4317 ἔσπειρε
985 4238 1222 4315 δνσσεβέστοοτον
1235 4260 1244 4321 3
1256 4237 1344 4300 filius
1356 4245 1464 4302 autem

333 4348 445 4428 s’rrcipn
470 4348 540 4416 ΟΒ.
569 4352 671 4435 1498;
696 4351 806 4416 eodem
831 4351 971 4436 pertinet
993 4351 1150 4431 ὃμοσπόρος
1174 4351 1245 4415 OR.
1271 4351 1347 4414 460.

317 4539 319 4544 ¹
381 4463 446 4528 Per·
485 4466 702 4552 metaphoram
737 4463 958 4551 depromptam
994 4466 1035 4530 ab
1070 4466 1230 4552 agricolis,
1265 4464 1323 4550 qui
1357 4483 1465 4528 semen
