3500 5375
872 704 934 766 128

488 886 506 965 ἦ
529 893 577 955 σὸν
600 892 633 955 τὸ
656 890 765 955 κλεινὸν
788 884 865 961 εἶδος
889 889 1057 970 Ἠλέκτρας
1081 889 1164 961 roim

376 1028 497 1093 Eodem
521 1026 613 1092 modo
636 1027 801 1119 explicare
824 1025 933 1091 studet
957 1026 1072 1091 Trach.
1100 1027 1203 1090 1067:

809 1167 846 1236 ὡς
869 1163 922 1229 ἴδω
946 1163 1037 1243 σάφα

486 1279 510 1342 εἱ
532 1278 640 1356 τούμὸν
663 1279 767 1354 ἀλγεῖς
791 1276 948 1355 pistorii
975 1278 1068 1351 κείνης
1092 1278 1158 1357 ὁρῶν

486 1391 621 1468 λωβητὸν
644 1386 720 1462 εἶδος
743 1389 772 1454 ἕν
796 1390 859 1483 δίκῃΙ
885 1390 1071 1468 nauciacum,

334 1532 504 1617 „quoniam
529 1550 605 1595 voce
629 1524 705 1593 aiio:
729 1528 904 1593 Deianirae
929 1530 1152 1615 potiusquam
1174 1527 1327 1593 Herculis
1347 1548 1461 1614 corpus

330 1644 571 1730 significatur'’;
606 1642 645 1707 ad
681 1641 802 1707 scholia
837 1641 953 1708 deinde
992 1663 1166 1729 provocans
1203 1643 1273 1707 vult
1303 1642 1462 1727 corrigere

331 1761 386 1824 ario
420 1760 483 1838 itae
520 1757 712 1833 κακούμενονε
750 1756 919 1821 Nauckius
951 1765 1059 1822 contra
1090 1758 1238 1844 pluribus
1262 1758 1462 1843 argumentis

331 1872 436 1937 allatis
479 1893 606 1937 versum
650 1871 734 1934 1069
770 1871 848 1934 satis
884 1879 1042 1936 recentem
1080 1872 1356 1958 interpolationem
1390 1892 1461 1935 esse

331 1986 547 2050 demonstrare
570 1991 713 2048 conatur.

375 2097 476 2162 Hisce
498 2096 623 2162 duobus
647 2097 725 2161 locis
748 2097 893 2183 exceptis
917 2119 1033 2162 nomen
1057 2092 1135 2169 εἶδος
1159 2096 1245 2184 apud
1269 2096 1458 2183 Sophoclem

331 2234 393 2277 non
429 2211 559 2296 legitur,
596 2215 632 2273 ut
661 2208 700 2273 de
733 2210 862 2274 notione
894 2231 989 2295 quam
1015 2209 1093 2274 huic
1114 2212 1184 2276 voci
1208 2210 1382 2296 subjecerit
1405 2210 1460 2274 ilie

331 2346 393 2390 non
415 2323 557 2410 judicari
581 2324 698 2410 possit3
723 2322 809 2409 apud
833 2322 1014 2388 Homerum
1035 2329 1120 2388 certo
1140 2323 1458 2389 aliterressehabet.

332 2439 484 2504 Dubitari
510 2443 613 2525 potest
630 2437 674 2502 de
698 2436 738 2501 Il.
762 2434 826 2519 ΙΙΙ,
850 2438 904 2517 39,
929 2437 986 2502 ubi
1010 2436 1131 2503 Hector
1153 2438 1187 2502 in
1211 2436 1361 2502 Paridem
1386 2456 1458 2501 con·

331 2552 415 2617 vicia
437 2550 598 2636 congerit:

488 2688 632 2774 Δύσπαρι,
658 2690 755 2758 aaran
779 2687 887 2772 ἄριστε,
913 2691 1102 2774 γυναιμανὲς,
1126 2690 1317 2772 ἠπεροπευτά,

297 2823 300 2831 ’
330 2827 382 2891 hic
417 2826 503 2892 enim
540 2848 605 2892 vox
639 2826 679 2891 de
711 2827 903 2891 mulieribus
934 2828 1053 2892 usitata
1076 2828 1115 2893 de
1138 2827 1256 2892 Paride
1279 2827 1365 2892 dicta
1388 2847 1457 2891 esse

330 2946 433 3027 potest
465 2940 505 3004 ad
540 2941 644 3005 aculei
676 2939 743 3006 vim
777 2939 977 3026 augendam;
1001 2947 1141 3006 attamen
1165 2942 1252 3028 apud
1276 2941 1455 3006 Homerum

328 3060 413 3118 certe
447 3074 563 3118 nomen
597 3048 675 3127 εἶδος
715 3054 881 3136 „mulieris
914 3062 1043 3121 tenerae
1074 3056 1196 3142 figurae
1220 3054 1455 3141 designandae'’

329 3169 493 3253 proprium
519 3188 582 3232 non
607 3167 707 3233 fuisse
734 3168 805 3232 luce
829 3168 947 3234 clarius
971 3176 1104 3256 apparet
1126 3169 1166 3234 Il.
1190 3168 1236 3252 ΙΙ,
1262 3169 1321 3234 57:

488 3303 657 3392 (Ὄνειρος)
866 3306 1005 3384 μάλιστα
1028 3307 1059 3372 δὲ
1083 3307 1204 3387 Νέστορι
1229 3308 1277 3387 δίῳ

487 3418 585 3491 Fsiic'c
607 3444 638 3483 τε
663 3418 785 3497 μέγεθός
809 3444 842 3482 τε
866 3421 946 3497 Ousia
969 3421 996 3484 τ’
1022 3421 1152 3501 ἄγχιστ’
1176 3421 1322 3485 e’Fcht'usr.

374 3557 528 3622 Omnium
564 3557 720 3622 latissime
755 3563 842 3644 patet
879 3580 956 3621 usus
991 3559 1130 3623 nominis
1161 3558 1235 3641 χείρ,
1261 3558 1344 3644 quod
1367 3556 1453 3621 haud

328 3691 399 3735 raro
423 3672 468 3734 ita
490 3669 635 3734 additum
659 3677 707 3735 est
731 3677 767 3734 ut
790 3670 857 3736 fere
881 3671 1044 3737 abundare
1069 3671 1225 3754 videatur,
1237 3693 1342 3758 neque
1355 3672 1452 3737 ullam

329 3785 395 3850 vim
430 3783 546 3848 addere
581 3784 767 3848 sententiae.
804 3783 898 3849 Licet
929 3783 969 3849 de
992 3784 1184 3871 quibusdam
1210 3786 1288 3849 locis
1305 3785 1453 3871 judicare

328 3898 458 3963 difficile
481 3899 532 3980 sit,
556 3903 681 3962 tantum
707 3919 768 3962 non
792 3920 920 3984 semper
942 3905 1027 3963 recte
1052 3905 1155 3985 potest
1179 3899 1347 3985 explicari,
1361 3898 1453 3963 modo

327 4011 528 4076 attendamus
558 4010 598 4074 ad
630 4011 735 4076 varias
767 4011 910 4076 notiones
933 4032 1016 4097 quae
1039 4010 1115 4075 huie
1139 4012 1210 4077 voci
1233 4012 1355 4097 possint
1377 4011 1452 4075 sub·

327 4147 412 4190 esse:
438 4124 519 4188 hanc
542 4124 730 4189 enucleandi
755 4126 840 4189 viam
861 4127 938 4211 jure
962 4126 1125 4211 ingressus
1146 4124 1451 4204 estSchmidtius1).

333 4309 477 4317 .-—-—

361 4423 389 4488 t)
407 4424 444 4473 Ib.
461 4424 481 4472 1.
498 4420 668 4487 pag.10sqq.
