3500 5375
838 717 880 779 65

337 900 522 967 Notandum
547 900 686 989 deniqne
710 908 758 969 est
782 903 896 988 fragm.
923 869 1050 968 aanor

427 1070 456 1129 ἐν
481 1068 549 1137 Διὸς
573 1066 673 1139 κήποις
697 1068 831 1145 οὶροῦτίαι
855 1066 940 1144 μόνον
962 1068 1139 1144 εὐδαίμονας
1167 1066 1284 1145 ὄλβιος.

339 1227 671 1294 Animadvertendum
697 1228 812 1295 deinde
836 1236 883 1295 est
907 1231 1041 1295 verbum
1062 1232 1157 1306 δαῖον,
1181 1230 1265 1317 quod
1290 1231 1418 1317 proprie

219 1402 227 1421 ,
293 1343 412 1408 dicitur
441 1343 480 1408 de
510 1344 707 1409 frumentum
732 1344 944 1428 metentibus3
970 1368 998 1408 v.
1012 1367 1038 1409 ο.
1062 1343 1148 1432 apud
1173 1344 1351 1410 Homerum
1376 1343 1419 1407 Il.

294 1456 425 1539 XVIII,
450 1458 532 1521 55οε

428 1621 456 1683 ἐν
480 1620 506 1683 δ’
530 1620 612 1684 ε’τίίει
635 1619 754 1694 τέμενος
778 1620 947 1697 βαίνλήιον·
972 1620 1038 1685 ἔνθα
1062 1621 1087 1685 δ’
1112 1619 1189 1701 ἔριθοι

427 1732 533 1810 ἤματι,
558 1730 652 1807 ὀξείας
676 1734 821 1814 δρεποίνας
844 1736 873 1798 ἐν
897 1735 1000 1815 χερσὶν
1022 1734 1152 1815 ἔχοντες.

340 1878 417 1961 Alio
448 1919 543 1961 sensu
575 1898 712 1962 occurrit
734 1898 820 1984 apud
845 1897 1034 1985 Sophoclem
1058 1899 1172 1985 fragm.
1198 1902 1281 1964 4⁷9:
1306 1900 1421 1965 herbas

296 2032 457 2094 exsecare,
482 2020 518 2075 ut
541 2013 637 2076 vortit
661 2011 861 2077 Macrobius:

630 2176 661 2238 αἱ
684 2175 714 2238 δὲ
738 2176 892 2238 καλυπταὶ
971 2240 990 2258 ,

429 2290 526 2352 κίτται
550 2289 630 2369 ῥζῶν
654 2287 809 2369 κρύπτουσι
832 2289 940 2366 τομὰς,

431 2400 468 2476 dr
492 2401 543 2477 ἥδε
566 2404 654 2481 βοῶτ’
679 2402 892 2483 αλαλαζοροίνιρ

429 2518 527 2595 γυμνὴ
552 2518 693 2597 χαλκέοις
716 2516 782 2595 dua
805 2518 960 2596 δρεπάνοις.

303 2748 305 2752 ,
341 2680 466 2747 Deinde
500 2682 691 2746 transfertur
725 2680 765 2744 ad
799 2682 946 2746 arborem
977 2702 1060 2767 quae
1090 2679 1243 2745 radioitua
1274 2670 1424 2746 evellitur

296 2795 422 2860 duobus
445 2796 522 2859 loeis
546 2796 604 2881 qui
628 2802 757 2882 proptor
776 2796 873 2859 aliam
894 2817 1023 2882 quoque
1034 2795 1254 2881 metaphoram
1267 2794 1424 2859 notabiles

297 2917 390 2992 aunt;
414 2930 493 2993 gens
517 2909 602 2973 enim
627 2930 700 2973 oum
725 2910 837 2974 arbore
860 2917 1073 2995 eomparatur,
1095 2909 1188 2973 ouius
1209 2907 1331 2973 radiooa
1350 2913 1429 2971 sunt

263 3035 266 3041 ’
296 3023 410 3105 libem,
432 3023 486 3085 Ai.
511 3023 614 3086 1178:
636 3023 735 3100 γένους
747 3021 880 3095 οίπαντος
893 3024 973 3104 ῥίζαν
985 3023 1180 3102 ἐξνμνρμὲνος,
1193 3023 1234 3089 af.
1247 3023 1326 3086 Ant.
1341 3023 1424 3086 599:

431 3187 478 3246 νῦν
501 3182 558 3260 γαρ
582 3182 719 3262 ἕτχοίτας
744 3184 811 3264 ὑπὲρ

430 3295 510 3376 ῥίζας
533 3296 546 3360 ὃ
569 3296 676 3361 τέτατο
699 3297 777 3378 φοίος
801 3301 829 3362 ἐν
854 3299 979 3363 Οἰδίπου
1002 3298 1109 3377 δόμοις,

431 3409 499 3474 κατ’
524 3404 563 3474 αὖ
587 3435 626 3473 νιν
650 3412 747 3491 φοινία
771 3414 837 3475 θεῶν
860 3418 917 3475 τῶν

433 3524 560 3605 νερτέρων
583 3527 653 3608 οίμρῖ
677 3525 770 3598 κοπίς.

344 3673 407 3739 Per
426 3675 559 3739 eandem
581 3676 799 3762 metaphoram
819 3676 1038 3742 habemuslll.
1053 3678 1117 3740 765
1129 3675 1269 3757 πρόρριζον
1281 3674 1426 3758 ἔφθαρται
1461 3672 1479 3801 l
1503 3642 1509 3654 ⁹

303 3791 394 3865 γένος,
418 3797 450 3854 et
470 3790 513 3855 ib.
536 3791 600 3853 510
619 3790 658 3854 de
672 3790 814 3876 Myrtilo,
827 3791 885 3877 qui
898 3791 1012 3856 ultima
1024 3811 1101 3856 suae
1113 3793 1219 3876 gentis
1231 3792 1328 3878 stirps
1341 3800 1426 3857 erat:
1470 3814 1473 3893 ρ

655 3941 840 4022 παγχρύσεον
863 3943 896 4006 ἐκ
919 3941 1027 4021 δίφρων

657 4053 798 4126 δύστανος
822 4055 930 4127 αἰκίαις

655 4161 797 4248 ’πρόρριζος
821 4168 970 4250 ἐκριφθείς.

350 4315 498 4404 Denique
530 4316 685 4382 habemus
714 4317 827 4403 fragm.
855 4319 938 4382 550:
962 4317 1127 4395 αμοίοεται,
1151 4316 1236 4403 quod
1258 4317 1434 4382 seeundum
1484 4294 1489 4392 l

304 4427 506 4517 Hesychium
530 4432 691 4518 signifieat
714 4429 832 4513 οφοίξει.

1319 4544 1337 4593 5
