3500 5375
864 703 907 765 42

316 888 377 953 bus
409 895 440 953 et
463 888 523 953 sub
548 888 622 954 divo
646 889 906 975 pernoctantibus
929 888 1039 955 sedulo
1062 889 1225 955 observari
1249 888 1442 975 penitusque

315 1002 462 1087 cognosci
486 1002 632 1067 solerent.

362 1116 441 1180 Alia
463 1116 602 1202 denique
625 1122 710 1199 sunt,
735 1136 817 1202 quae
839 1137 903 1182 non
924 1116 1033 1180 minus
1053 1116 1153 1181 vitam
1175 1116 1331 1181 urbanam
1343 1135 1440 1202 quam

315 1230 416 1295 vitam
440 1231 592 1295 rusticam
616 1235 762 1315 tangunt.

360 1343 406 1408 Ut
428 1364 599 1430 pergamus
623 1346 791 1431 explorare
814 1367 898 1431 quae
923 1345 1004 1408 mihi
1024 1345 1186 1431 proposui,
1206 1366 1243 1409 eo
1262 1344 1439 1427 redeamus,

315 1458 373 1523 ubi
402 1457 577 1545 disputatio
609 1458 772 1541 substitit,
797 1460 818 1521 i.
832 1480 860 1523 e.
884 1458 924 1521 ad
948 1460 1216 1545 comparationem
1240 1478 1313 1522 eum
1338 1466 1439 1523 tauro.

316 1573 416 1638 Tauri
440 1573 614 1659 imaginem
638 1573 788 1639 adamant
810 1579 922 1660 poetae
947 1580 982 1638 ut
1005 1574 1150 1638 subitum
1173 1571 1438 1637 etrehementem

314 1685 452 1751 dolorem
480 1693 707 1772 representem,
733 1707 834 1772 quum
859 1693 971 1774 peetus
994 1707 1162 1768 ,curarum
1175 1686 1314 1751 fluetus''
1327 1706 1441 1772 sapere

313 1807 460 1886 nequeat.
486 1801 597 1865 Aiaeis
620 1822 682 1865 non
706 1808 774 1865 erat
796 1801 860 1865 alta
883 1821 960 1866 voee
980 1801 1164 1883 lamentare,
1185 1800 1371 1865 iubeeillive
1391 1800 1438 1862 in·

313 1921 378 1978 star
413 1936 463 1980 ras
497 1914 647 1979 adversas
682 1914 816 1997 defler03
850 1917 920 2001 ejus
944 1920 1013 1979 erat
1034 1921 1091 1978 aut
1115 1914 1244 1978 vincere
1266 1921 1323 1979 aut
1346 1914 1439 1997 mori,

312 2028 441 2113 qualem
474 2029 602 2094 heroem
634 2028 786 2094 describit
816 2027 956 2092 Ovidius
971 2029 1012 2112 ¹);
1036 2029 1142 2113 largas
1166 2029 1314 2115 querelas
1337 2027 1439 2092 effun-

312 2141 387 2207 dere
420 2142 594 2208 seeundum
619 2163 693 2207 eum
716 2147 784 2207 erat
805 2148 897 2207 κοινοῦ
920 2143 973 2207 xa}
997 2142 1185 2222 βοροψόχον.
1210 2142 1317 2206 Ferox
1341 2140 1439 2206 bella-

312 2263 370 2338 tor,
396 2263 432 2320 ut
454 2257 524 2321 eius
549 2263 697 2321 strenuae
722 2262 854 2320 naturae
879 2263 1127 2322 consentaneum
1151 2263 1228 2339 erat,
1254 2255 1311 2319 ubi
1332 2254 1439 2320 furore

312 2368 419 2433 sedato
443 2377 560 2434 statum
585 2391 691 2434 rerum
717 2369 877 2454 cognovit,
901 2369 1002 2432 animi
1025 2370 1148 2435 dolores
1169 2368 1335 2433 comedere
1345 2389 1439 2433 eona-

313 2482 407 2548 batur
430 2484 561 2569 imoque
583 2483 676 2549 eorde
699 2484 884 2569 reprimere.
909 2481 974 2547 Res
998 2505 1112 2569 parum
1133 2483 1163 2547 ei
1184 2484 1345 2566 suecessit,
1367 2503 1437 2568 per·

311 2595 503 2661 turbationis
526 2597 683 2684 impetum
709 2597 837 2662 vincere
860 2597 1020 2683 nequivit,
1040 2597 1439 2686 diriolamoresepeotoro

310 2710 504 2796 aliquotiens
527 2717 770 2799 extorquentur.
796 2712 850 2775 Αἰ.
875 2713 957 2775 321:

733 2886 892 2965 οὶὼόφντος
916 2883 1001 2959 ὀξέων
1024 2886 1206 2964 κωκυμάτων

501 3028 502 3032 ’
532 2998 711 3078 ὑπεστένοοζε
734 3003 837 3079 ταῦρος
862 2997 899 3070 ὣς
924 2999 1122 3079 βρυχώμενος.

311 3171 362 3237 Of.
385 3173 463 3237 δεινοὶ
488 3173 643 3252 βροχνθοίς
667 3172 737 3237 OR.
765 3175 860 3237 1265.

356 3285 433 3349 ntia
465 3287 544 3350 ratio
575 3293 623 3351 est
653 3287 758 3351 sioubi
780 3286 919 3352 Eriboea
941 3286 1003 3350 filii
1027 3288 1173 3352 miserias
1196 3289 1339 3375 audivit3
1363 3314 1435 3378 gra·

311 3399 453 3464 vissimis
488 3399 650 3465 doloribus
685 3401 843 3466 affioietur
877 3421 968 3483 anus,
1005 3422 1085 3487 quos
1120 3403 1294 3488 reprimere
1332 3425 1435 3490 neque

309 3513 427 3598 poterit
449 3535 554 3600 neque
576 3516 753 3598 sonabitur,
778 3515 832 3579 sed
856 3537 999 3581 moerore
1019 3513 1160 3579 oonieeta
1178 3515 1305 3579 nullum
1318 3515 1435 3582 doloris

309 3626 439 3712 signum
463 3649 525 3692 non
548 3628 630 3694 adet.
654 3629 709 3693 Ai.
736 3630 818 3693 625:

531 3805 624 3868 λευκοὶ
646 3805 678 3868 δὲ
700 3807 777 3886 γήρᾳ
801 3804 902 3884 μοέτνρ
926 3828 966 3868 νιν
989 3802 1057 3868 ὅταν
1081 3810 1219 3870 νοοοῦντοο

531 3917 710 3999 φρενομόρως
734 3917 854 4002 νέκούορ,

531 4030 638 4096 οοῖλννον
661 4030 766 4095 οοῖλννον

532 4146 591 4209 οὐδ’
616 4146 732 4225 οἰκτροῖς
755 4145 820 4223 γόον
843 4146 944 4224 ὄρνιθος
968 4146 1074 4218 cimborio

310 4325 451 4334 ..ψ

344 4445 369 4511 t)
389 4445 491 4495 Metam.
510 4445 578 4510 ΧΙΙΙ,
595 4442 660 4494 39οε
677 4460 709 4494 ne
726 4445 865 4507 quisquam
885 4444 989 4493 Aiacem
1008 4445 1086 4507 possit
1103 4459 1224 4508 superare
1241 4447 1291 4496 nisi
1310 4448 1382 4500 Aiax.
