3500 5375
851 673 894 736 44

310 855 526 943 depingendae
560 857 731 944 adhiberc;
765 858 850 945 quod
885 866 969 925 recte
999 882 1033 925 se
1057 859 1154 925 habet
1176 860 1205 924 si
1228 865 1375 924 tenemus
1398 880 1436 924 ca

310 990 393 1057 quae
416 970 658 1037 observavimus
679 972 720 1037 ad
744 973 847 1037 locum
872 974 965 1039 illum
990 996 1032 1038 ex
1057 972 1175 1057 Aiace3
1199 980 1232 1037 at
1250 981 1357 1039 nostro
1368 974 1436 1039 loco

310 1089 396 1148 certo
418 1084 536 1149 certius
560 1086 594 1149 in
617 1091 753 1173 utroque
776 1087 1023 1174 comparationis
1043 1087 1186 1152 membro
1206 1093 1378 1163 sermoest
1396 1086 1436 1152 de

310 1196 416 1262 dolore
440 1198 547 1263 subito
570 1204 648 1283 orto,
671 1200 727 1287 qui
752 1222 816 1265 non
840 1200 982 1287 exprimi
1000 1200 1080 1266 solet
1098 1222 1156 1287 per
1167 1200 1435 1288 comparationem

311 1332 383 1376 cum
422 1311 578 1377 lusciniae
611 1320 723 1397 cautu;
758 1315 894 1381 alterum
930 1320 1157 1400 argumentum
1193 1314 1315 1379 accedit
1349 1313 1434 1401 quod
1539 1372 1542 1377 .

310 1425 419 1491 nullae
452 1446 527 1491 aves
561 1448 623 1491 nou
655 1428 825 1493 vociferari
857 1429 969 1511 solent,
1000 1429 1026 1492 si
1059 1429 1170 1492 nidum
1202 1428 1313 1494 vident
1336 1428 1435 1515 pullis

311 1524 468 1606 orbatum.

355 1652 560 1740 Quemquam
593 1656 784 1720 nominatim
818 1677 881 1721 uon
912 1655 1032 1720 dicitur
1054 1656 1209 1740 luscinia,
1233 1676 1303 1721 eam
1327 1663 1434 1723 tamen

310 1767 448 1854 spectari
471 1768 550 1833 ratio
573 1768 687 1834 suadet
710 1768 825 1834 Trach.
852 1770 933 1833 103:
1062 1749 1065 1753 Δ

533 1932 696 2015 colobreira
718 1932 776 2013 γὰρ
799 1932 883 2013 <beeri
906 1934 1089 2009 πυνθάνομαι

532 2045 588 2108 τάν
611 2047 772 2124 decurratur?
798 2044 971 2126 Δνωὶνενρων
993 2046 1041 2110 ciel

533 2154 578 2223 olel
601 2161 654 2223 τιν’
678 2162 775 2223 ἄθλων
798 2159 866 2240 ὄρνιν

532 2272 629 2337 οὔποτ’
653 2273 781 2353 εὐνάζων
804 2274 973 2352 νὶδωκρύτων
996 2273 1155 2353 βλεφάρων
1178 2274 1272 2339 πόθον.

356 2436 528 2502 Difficilior
551 2438 639 2502 locus
661 2444 718 2502 est.
744 2437 858 2503 Trach.
884 2439 967 2502 963:

533 2603 635 2681 ἀγχοῦ
659 2603 684 2666 δ’
710 2606 768 2684 δέρω
791 2604 841 2666 κού
866 2602 984 2682 μωκρνὶν

534 2715 713 2795 apocalama,
736 2714 883 2796 ὀξύφωνος
907 2719 945 2788 ὡς
968 2717 1074 2790 ἀηδών.

357 2877 389 2941 Ν
391 2879 553 2965 uperrime
580 2879 674 2944 choro
697 2899 793 2944 causa
815 2885 884 2945 orta
907 2885 975 2944 erat
997 2879 1141 2964 lugendi,
1165 2901 1239 2944 cum
1262 2879 1435 2944 Deianirae

312 2997 413 3055 morte
435 2991 581 3057 nuntiata
604 2992 715 3057 eodem
737 2999 881 3079 tempore
905 2991 1064 3058 Hercules
1083 2993 1220 3058 lacerato
1239 2992 1435 3079 corporedo·

313 3126 401 3169 mum
422 3105 635 3170 reduceretur.
656 3105 730 3170 Non
751 3107 843 3170 video
862 3105 1083 3192 curHoppius
1095 3108 1120 3191 1)
1134 3105 1434 3172 recedataSchnei·

313 3219 432 3283 dewini
465 3220 678 3306 explicatione
712 3219 771 3284 hoc
805 3221 850 3284 ite
885 3220 1006 3284 dictum
1038 3241 1107 3284 esse
1130 3228 1166 3286 ut
1188 3222 1252 3286 alta
1276 3220 1436 3285 iudicetur

314 3355 388 3414 vox,
423 3335 491 3417 (um
527 3333 582 3397 das
615 3334 702 3398 laute
733 3332 940 3418 Wehklagen
970 3354 1009 3398 au
1042 3334 1260 3418 bezeichnen).
1285 3333 1462 3419 Hoppiue⁸

313 3446 428 3513 nititur
462 3446 520 3512 hac
555 3448 588 3509 in
623 3469 658 3512 re
694 3447 804 3513 eodem
838 3447 906 3511 loco
937 3447 992 3511 Αἰ.
1018 3448 1175 3531 625sqq.‚
1199 3445 1256 3509 ubi
1279 3445 1435 3510 lusciniae

313 3561 463 3645 querelae
486 3565 518 3624 et
540 3557 662 3628 ὀξύτονω
687 3561 759 3641 ᾡδωί
781 3561 864 3625 iuter
887 3582 957 3625 sese
976 3565 1189 3647 opponuntur,
1211 3565 1308 3645 atque
1328 3566 1436 3624 censet

313 3669 458 3750 ὀξύφωνον
483 3672 624 3737 indicare
650 3675 772 3758 „magis
795 3694 901 3738 acrem
924 3680 956 3739 ct
978 3673 1136 3754 acerbam,
1159 3692 1242 3757 quae
1265 3694 1322 3759 per
1341 3693 1435 3736 aures

317 3787 538 3868 „inanimum
563 3788 656 3873 quasi
679 3793 833 3874 penetret,
857 3809 955 3874 quam
980 3807 1128 3873 maguam
1154 3785 1305 3870 vocem”;
1330 3785 1377 3850 ibi
1401 3787 1434 3849 in

314 3901 415 3966 Aiace
449 3907 556 3966 tamen
591 3900 650 3966 hae
685 3901 861 3967 sententiae
896 3903 981 3967 iuter
1013 3923 1082 3966 sese
1116 3907 1337 3988 opponuntur:
1372 3921 1435 3965 non

314 4014 416 4079 flebili
450 4021 482 4079 et
515 4014 684 4098 submissa,
720 4015 775 4078 sed
809 4015 873 4078 alta
908 4036 985 4079 voce
1015 4013 1153 4079 Eriboea
1182 4012 1369 4097 clamitabit,
1394 4013 1434 4080 cf.

314 4125 361 4196 vs.
394 4129 476 4193 851:
507 4126 568 4202 ἥσω
599 4128 698 4208 μένων
722 4129 848 4193 κωκυτὸν
872 4129 902 4191 ἐν
926 4126 1007 4208 παίων
1031 4126 1125 4200 πόλει,
1150 4126 1235 4214 quod
1258 4127 1436 4192 necessario

316 4335 458 4343 ..ψ-,-

350 4413 374 4478 1)
393 4415 429 4464 lb.
448 4429 503 4480 pag.
520 4412 561 4464 30.
