3500 5375
749 1517 963 1592 CAPUT
1014 1518 1080 1590 IX.

816 1796 992 1803 ——.-

394 2007 476 2073 Cum
514 2010 617 2095 primo
649 2008 746 2073 huius
771 2008 1004 2073 dissertationis
1028 2009 1132 2095 capite
1156 2007 1346 2073 videbamus
1370 2007 1409 2071 de
1434 2008 1474 2071 iis

350 2145 433 2209 quae
456 2124 616 2210 pertinent
639 2123 678 2187 ed
700 2144 798 2209 equos
822 2130 854 2188 et
875 2130 978 2187 artem
997 2122 1174 2209 equitandi,
1189 2125 1257 2208 jam
1279 2122 1473 2187 mentionem

351 2238 487 2303 fecimus
518 2238 704 2302 certaminis
736 2238 868 2319 curulis,
893 2238 986 2302 cuins
1010 2237 1082 2301 fusa
1105 2237 1277 2324 descriptio
1299 2237 1419 2322 legitur
1442 2238 1475 2301 in

351 2351 479 2416 Electra
511 2351 586 2415 inde
609 2372 628 2414 a
653 2372 748 2415 versu
773 2352 848 2414 681.
872 2350 978 2415 Locus
1002 2351 1058 2415 ille
1081 2351 1205 2436 longior
1228 2357 1276 2415 est
1298 2370 1394 2437 quam
1420 2350 1476 2436 qui

351 2465 559 2546 describatur,
583 2485 688 2551 neque
711 2464 820 2529 eodem
846 2464 951 2529 redire
974 2486 1054 2551 opus
1078 2473 1135 2547 est,
1155 2485 1228 2528 cum
1250 2464 1408 2550 ejusmodi
1420 2464 1477 2528 alii

351 2580 523 2665 supersint.
548 2577 754 2642 Ourrioulnm
779 2579 900 2665 pariter
923 2579 1054 2664 respicit
1076 2579 1154 2642 Ant.
1181 2580 1261 2642 131:

552 2730 657 2808 νιαλνςῖ,Ι
681 2729 771 2808 ῥίπτει
794 2729 859 2808 νινρὶ
882 2730 1041 2806 βαλβίδων

553 2843 600 2905 ἐπ’
624 2841 715 2922 ἄκρων
739 2840 793 2915 ἤδη

553 2957 631 3027 νίκκν
654 2955 774 3035 ὂρμῶντ’
798 2953 962 3029 ἀλαλάξαι,

351 3131 456 3196 neque
488 3109 551 3173 alio
582 3108 721 3195 pertinet
747 3108 798 3172 el.
833 3110 914 3173 628:
938 3110 1008 3188 πρὸς
1031 3110 1116 3189 ὀργὴν
1140 3111 1264 3189 ἐκφέρει,
1287 3110 1372 3197 qnod
1392 3116 1476 3176 recte

353 3221 522 3287 Nanokins
551 3222 707 3286 illustrat:
741 3223 822 3303 „wie
853 3223 906 3287 ein
938 3221 1030 3305 Rom,
1054 3222 1110 3286 des
1133 3221 1187 3296 ἔξω
1211 3224 1314 3299 δρόμον
1337 3225 1474 3304 (piperem

352 3336 391 3402 cf.
415 3333 482 3400 OC.
504 3337 568 3398 438
580 3358 586 3399 :
608 3335 794 3412 καμανθαναν
807 3337 854 3399 τὸν
868 3337 956 3414 copo
969 3337 1152 3416 ἐκδραμόντα
1164 3361 1223 3415 μοι,
1236 3336 1294 3402 ubi
1306 3335 1475 3403 Nauckius

351 3450 584 3536 significanter:
613 3450 693 3531 „mit
716 3449 802 3515 mich
825 3449 1135 3536 durchgegangen”;
1161 3450 1238 3516 Ant.
1259 3453 1342 3517 801:
1364 3455 1475 3530 θεσμῶν

352 3562 405 3638 ἔξω
429 3565 573 3644 φέρομαι,
598 3564 745 3650 sequitur
768 3564 847 3628 Ant.
869 3565 952 3628 453:

551 3715 616 3779 οὐδὲ
639 3714 743 3778 σθένειν
766 3721 901 3779 τοσοῦτον
924 3714 1021 3795 ᾠόμην
1044 3716 1084 3778 τὰ
1107 3715 1148 3779 σα

552 3827 728 3908 κηρύγμαθ’,
753 3827 821 3891 ὥστ’
846 3832 991 3907 ἄγραπτα
1015 3830 1162 3904 κάσφαλῆ
1186 3832 1252 3894 θεῶν

553 3940 666 4019 νόμιμα
689 3940 828 4006 δύνασθαι
852 3942 943 4015 tontis
967 3942 1052 4021 Φύνθ’
1078 3942 1275 4022 ὑπερδραμεῖν,

354 4096 411 4183 qni
441 4096 528 4160 locus
551 4092 661 4158 eodem
688 4094 848 4179 pertinere
872 4093 1000 4159 videtur
1023 4100 1152 4180 propter
1175 4093 1310 4158 verbnm
1337 4095 1474 4176 ὑπερδρα-

355 4218 418 4287 μεῖν
438 4216 470 4274 et
494 4214 622 4295 propter
645 4207 780 4273 verbum
804 4207 918 4280 σθένειν,
942 4207 983 4271 ci.
1007 4206 1078 4272 ΟΒ.
1103 4209 1185 4272 466:
1210 4207 1477 4273 desidiosiores

354 4323 569 4402 σθεναρώτερννς
601 4320 740 4407 denique
762 4321 878 4406 fragm.
903 4323 962 4385 75:
986 4322 1159 4400 απόδραμον·
1182 4321 1393 4401 ἐλαττούμενον
1416 4331 1477 4396 τοῖς

355 4436 475 4518 δρόμοις.
