3500 5375
876 647 918 710 30

374 830 502 919 Sphinx
534 834 717 898 nominetur
739 836 755 906 ἡ
780 835 913 913 ῥαψῳδὸς
938 834 1012 897 κύων
1035 832 1105 898 OR.
1132 836 1214 917 3913
1239 834 1357 899 schel:
1382 835 1455 899 κύνιι

329 947 360 1010 δὲ
383 948 475 1020 αὐτὴν
498 954 589 1011 καλεῖ
608 948 657 1012 διά
679 948 711 1012 τὸ
735 948 923 1028 άριιοικτικάν.
951 956 954 960 ’

372 1057 497 1147 Operae
525 1061 663 1147 pretium
689 1067 736 1126 est
759 1062 857 1128 etiam
881 1061 1059 1127 Radtki-um
1083 1062 1216 1127 audire:
1244 1064 1453 1150 „antiquitus,

332 1173 435 1259 „qued
459 1173 659 1239 dirissimum
683 1175 831 1262 quodque
855 1183 1031 1241 monstrum
1057 1176 1116 1240 hee
1139 1177 1268 1240 nemine
1291 1176 1454 1263 appellare

331 1287 503 1369 „solebant
527 1287 560 1351 id
589 1288 673 1374 quod
697 1287 892 1353 Graecorum
918 1289 973 1354 ille
996 1292 1114 1375 triceps
1137 1288 1295 1355 Cerberus
1320 1290 1452 1354 multae-

332 1422 413 1489 „que
447 1401 575 1467 fabulae
610 1410 735 1469 nestrae
769 1404 874 1489 gentis
911 1402 1137 1485 demonstrent,
1173 1425 1255 1489 quae
1289 1425 1351 1468 non
1387 1411 1452 1468 tam

331 1522 476 1595 „nostrae
510 1523 585 1581 sunt
618 1537 714 1604 quem
751 1518 897 1581 omnium
929 1516 1246 1603 Indogermeuorum,
1276 1518 1452 1603 inquibus

331 1622 562 1707 „monstruosex
579 1651 725 1717 quaeque
758 1631 866 1695 bellua
896 1630 962 1696 fere
987 1632 1032 1696 ita
1056 1631 1257 1711 describitur,
1282 1638 1319 1695 ut
1342 1633 1451 1716 magni

330 1744 515 1823 „cuiusdam
540 1746 627 1809 eanis
652 1744 789 1830 figuram
815 1745 979 1831 recipiat.”

370 1854 406 1919 Si
426 1878 509 1934 eum
523 1856 612 1923 hisee
631 1878 853 1943 comparamus
875 1857 916 1921 Il.
940 1857 1053 1940 XXII,
1079 1859 1138 1925 29:

414 2018 443 2083 άν
467 2046 499 2083 τε
522 2022 583 2084 κύν’
608 2022 766 2099 Ὠαρίωνος
791 2022 941 2092 ἐπίκλησιν
964 2022 1109 2084 καλέουσι·

414 2133 631 2211 λαμπρότατος·
651 2134 704 2207 μὲν
729 2132 745 2195 ὅ
766 2135 796 2210 γ’
821 2134 893 2215 ἐστὶ,
917 2135 1006 2197 aazia
1026 2134 1057 2196 δέ
1082 2159 1114 2196 τε
1139 2142 1223 2208 σῆμά
1248 2135 1395 2204 τέτυκται,

413 2249 463 2311 κκί
485 2272 518 2310 τε
541 2248 619 2327 Φέρει
644 2250 751 2311 πολλὸν
776 2249 893 2324 πυρετὸν
918 2248 1056 2310 δι”ειλοῑοι
1081 2247 1204 2325 βροτοῖσι

132 2482 141 2503 N
162 2470 186 2538 fr
196 2456 242 2528 m
323 2409 416 2475 feeile
452 2410 664 2496 intelligimus
700 2409 748 2473 El.
786 2411 826 2471 66
863 2411 891 2473 si
924 2408 1053 2474 Orestes
1076 2408 1163 2491 dicit,
1187 2410 1314 2474 etiarnsi
1338 2410 1449 2497 mortis

104 2498 248 2614 merl
321 2521 407 2587 fama
439 2523 605 2607 divulgata
634 2524 685 2607 sit,
709 2546 743 2587 se
767 2524 915 2587 inimicus
938 2544 1165 2609 aggressurum
1190 2545 1258 2589 esse
1282 2531 1314 2587 et
1336 2526 1447 2602 ἐχθροῖς

320 2634 423 2715 άστρον
448 2634 483 2708 ὣς
509 2635 642 2713 λάμψειν
665 2635 716 2703 ἔτι,

365 2750 536 2816 Praeterea
570 2750 709 2815 notanda
742 2759 817 2815 sunt
852 2751 965 2837 fragm.
1001 2752 1062 2813 941
1101 2753 1208 2830 Σειρίου
1239 2752 1320 2821 κυνὸς
1355 2752 1446 2833 δίκκν,

321 2864 435 2952 fragm.
467 2867 543 2948 379,
567 2867 604 2928 11
627 2868 708 2936 κυνὸς
728 2866 850 2944 ψυχράν
864 2866 954 2949 δύσιν,
967 2865 1081 2950 fragm.
1096 2865 1159 2928 646
1173 2865 1300 2936 κυνκδόν·
1315 2865 1351 2936 ὡς
1364 2864 1448 2930 κνάν.

363 2978 417 3043 Ad
447 3000 539 3045 eanes
563 2979 751 3067 praesertim
776 2980 939 3065 pertinent
963 2999 1010 3061 ea,
1034 2999 1116 3064 quae
1141 2979 1237 3044 verbe
1261 2979 1373 3042 δάκνειν
1396 2978 1445 3041 in·

318 3093 483 3177 dieentur;
507 3115 564 3180 per
587 3093 805 3180 metaphoram
831 3091 891 3156 hee
911 3092 1045 3157 verbum
1066 3099 1241 3179 usurpatur
1251 3090 1290 3156 de
1301 3091 1445 3177 qualibet

318 3231 361 3292 re,
387 3230 469 3296 quae
492 3209 637 3272 animum
661 3209 887 3284 eommovetl).
912 3205 967 3270 Tr.
995 3206 1097 3269 llll:

407 3374 454 3441 δός
479 3397 528 3449 μοι
552 3371 673 3435 σενιιιτὸν
697 3373 739 3446 μὴ
765 3375 898 3435 τοιοῦτον
923 3372 960 3440 ὡς
983 3369 1081 3432 δάκνει

407 3489 486 3564 θυμῷ
510 3485 655 3565 δύσοργος.

360 3647 447 3711 Phil.
472 3650 502 3712 οὐ
526 3649 583 3727 γάρ
608 3673 647 3724 με
669 3653 783 3726 ‘tityon
807 3653 861 3711 τῶν
887 3646 1083 3726 repetiimus
1107 3646 1215 3730 δάκνει,
1240 3645 1355 3710 Traeh.
1378 3647 1441 3709 254

315 3762 425 3842 ἐδήχθη
459 3767 543 3827 τοῦτο
577 3761 715 3832 τοῦνειδος
746 3763 866 3839 hullalu
900 3761 940 3826 ef.
971 3760 1058 3825 Phil.
1082 3761 1157 3843 378,
1182 3761 1260 3825 Ant.
1285 3761 1360 3843 317,
1386 3761 1441 3825 Αἰ.

318 3878 421 3961 1119;
446 3876 531 3942 unde
555 3875 641 3940 Phil.
668 3877 731 3941 705
755 3877 917 3954 teutonicos
941 3875 1013 3943 άτοι.

360 3991 496 4058 Aeoedit
529 3991 643 4077 fragm.
668 3993 729 4054 721
758 3990 856 4070 ipsam:
879 3992 995 4074 δῆγμα,
1021 3995 1053 4056 et
1076 3990 1189 4077 fragm.
1215 3990 1309 4054 2321>
1334 4014 1438 4066 μουσο-

315 4112 409 4181 μοινεῖ
430 4106 456 4169 δ’
482 4103 641 4184 ἐλάμφάην
665 4104 788 4184 δοικὲτιρ.

318 4287 461 4294 -..--,-

348 4391 376 4454 1)
394 4390 431 4440 Cf.
449 4389 524 4455 Verg.
542 4390 607 4440 Aen.
624 4389 643 4455 l,
661 4387 710 4438 264
728 4389 790 4438 haec
807 4393 833 4438 te
850 4402 913 4438 cura
932 4388 1068 4438 remordet.
