3500 5375
851 693 891 755 10

341 878 447 944 Homo
470 880 504 942 in
529 900 626 965 quem
650 880 760 966 plures
782 856 981 944 calamitates
1005 878 1156 964 deinceps
1181 878 1320 961 irruunt,
1341 900 1426 943 com·

296 999 428 1079 paratur
458 1014 531 1057 cum
563 994 669 1059 littore
697 992 792 1058 undis
816 1001 847 1059 et
871 992 1117 1079 tempestatibus
1140 993 1297 1079 exposito.
1322 992 1427 1075 Beati,

297 1108 404 1192 inquit
437 1106 553 1171 chorus
588 1108 622 1170 in
658 1107 832 1191 Antigone,
865 1108 923 1194 qui
958 1105 1043 1170 mala
1076 1127 1139 1171 non
1169 1106 1297 1194 experti
1327 1106 1427 1171 vitem

296 1218 436 1305 degunt3
461 1221 489 1284 si
512 1221 599 1286 enim
623 1221 677 1285 cui
700 1220 858 1285 divinitus
879 1221 964 1284 mala
984 1227 1169 1305 nascuntur,
1189 1221 1224 1284 in
1244 1221 1426 1285 inmensum

297 1354 408 1399 eorum
431 1355 586 1417 numerus
609 1355 750 1399 crescere
773 1335 863 1399 solet.
888 1333 967 1397 Ant.
993 1334 1075 1397 586:

521 1482 615 1562 όμοιον
639 1482 713 1548 ὥστε
737 1484 868 1555 ποντίαις

520 1592 615 1676 οἷδμοι
637 1596 789 1667 δυσπνόοις
812 1596 883 1661 ότοιν

519 1713 696 1792 Θρῄσσαισιν
719 1710 815 1791 ἔρεβος
839 1709 955 1791 ὕΦοιλον
978 1710 1125 1791 ἑπιδρόμρ
1150 1718 1260 1795 πνονιῖς,

519 1825 644 1891 κυλίνδει
667 1825 808 1903 βυσσόθεν
831 1825 970 1889 κελοιινόιν

519 1940 583 2003 όῖνοι
607 1937 659 2003 sci
683 1938 856 2017 δυσόνεμον,

517 2054 607 2133 στόνῳ
630 2052 771 2133 βρέμουσι
795 2054 820 2117 δ’
846 2055 1031 2130 ἀντιπλῆγες
1054 2049 1155 2119 οξκτοιί.

341 2202 463 2271 Eadem
495 2205 602 2289 imago
635 2205 771 2270 recurrit
802 2202 870 2268 00.
900 2205 983 2267 1239
1009 2204 1048 2269 de
1073 2202 1238 2291 Oedipode
1262 2208 1427 2269 senectute

301 2317 454 2383 confecto.

521 2434 551 2495 ἕν
575 2425 595 2512 ᾧ
620 2431 743 2509 τλοὶμοον
766 2428 823 2503 δ’δ’,
848 2433 901 2496 οὐκ
923 2433 981 2510 ἐγὼ
1005 2433 1101 2509 μόνος,

522 2540 661 2612 πόντοόεν
684 2547 790 2627 βόρειος
814 2544 850 2619 ὥς
873 2571 918 2617 τις

522 2660 604 2726 οέκτόι
626 2658 828 2738 κυματοπλὴξ
851 2660 987 2741 χειμερίου
1010 2667 1166 2734 κλονεῖτοιι,

523 2774 559 2846 ὣς
582 2774 634 2839 uoci
658 2775 740 2838 τόνδε
763 2776 832 2838 νοντ’
857 2779 950 2855 σ’ς’κροις

521 2888 611 2953 δεινοοὶ
635 2897 840 2966 κυμοιτοοινεῖς

520 2996 590 3066 οἶτοιι
614 3003 773 3067 κλονέουσιν
796 3001 843 3066 cisi
866 2999 1012 3076 ξυνοῢσοιι.

254 3149 267 3237 i.
345 3153 416 3218 Hac
445 3153 612 3218 occasione
648 3151 721 3216 data
754 3150 990 3217 observandum
1026 3158 1074 3218 est
1109 3152 1202 3239 plura
1236 3159 1426 3238 argumenta

255 3269 257 3279 '
300 3269 428 3356 saepius
451 3288 470 3331 a
494 3243 587 3354 poeta
610 3267 759 3350 tractari;
783 3265 859 3331 inde
878 3288 1005 3352 quoque
1024 3273 1158 3353 apparet
1175 3289 1271 3354 quam
1285 3267 1426 3332 ubertim

253 3398 257 3503 p
300 3383 369 3448 fons
404 3381 598 3468 Sophoclcae
629 3381 779 3446 dictionis
809 3380 945 3446 fluxerit
967 3386 999 3446 et
1022 3401 1119 3467 quam
1143 3381 1243 3445 variis
1266 3381 1426 3445 coloribus

256 3508 258 3518 '
301 3497 467 3562 materiem
501 3517 593 3560 suam
627 3496 683 3561 ille
714 3496 838 3581 tingere
870 3495 1028 3582 potuerit:
1053 3495 1261 3581 quantumvis
1284 3495 1424 3560 locorum

301 3611 430 3675 illorum
464 3610 640 3675 sentcntiae
675 3616 861 3694 congruant,
897 3614 1004 3672 tamen
1035 3628 1200 3694 nunquam
1225 3607 1310 3672 idem
1333 3629 1425 3694 argu·

302 3730 445 3789 mentum
469 3744 599 3810 prorsus
622 3723 742 3789 eisdem
767 3723 875 3788 verbis
899 3723 1025 3787 cecinit.

345 3835 378 3900 N
380 3837 560 3901 ctissimum
596 3843 628 3901 et
662 3835 908 3901 celeberrimum
943 3842 992 3900 est
1021 3835 1110 3900 chori
1141 3836 1310 3918 canticum,
1341 3836 1425 3922 quod

301 3952 417 4038 incipit
440 3950 518 4014 Ant.
545 3951 627 4014 781:
653 3947 746 4029 ’Ἔρως
768 3949 890 4014 οἱνίκοιτε
914 3951 1036 4032 μόχοιυ,
1061 3971 1197 4036 quocum
1221 3971 1336 4036 operae
1355 3972 1426 4037 pre·

300 4067 382 4130 tium
407 4072 455 4130 est
476 4063 620 4129 conferre
643 4063 823 4148 fragmenta
849 4064 911 4126 607
939 4070 971 4129 et
997 4064 1059 4126 678
1085 4069 1117 4128 et
1141 4063 1255 4128 Troch.
1279 4065 1342 4127 497
1356 4087 1425 4152 sqq.

301 4179 417 4265 Aeque
451 4179 535 4244 inter
568 4199 601 4243 se
634 4177 830 4243 conveniunt
860 4176 940 4241 Ant.
967 4178 1033 4241 650
1063 4184 1095 4242 et
1118 4177 1233 4262 fragm.
1258 4180 1332 4261 608,
1358 4178 1424 4244 00.

305 4295 469 4380 1236sqq.
494 4299 526 4359 et
548 4292 663 4379 fragm.
687 4293 762 4374 684,
788 4289 843 4355 Αἱ.
871 4293 934 4355 126
959 4298 991 4355 et
1014 4291 1128 4377 fragm.
1151 4293 1226 4374 682,
1247 4293 1362 4358 Trach.
1383 4296 1424 4358 63

301 4416 333 4474 et
364 4408 477 4493 fragm.
509 4408 584 4490 677,
616 4412 648 4472 et
678 4407 776 4472 etiam
799 4406 894 4493 plura
919 4406 1060 4471 inveniri
1084 4412 1217 4493 possunt
1239 4408 1268 4471 si
1290 4409 1364 4494 quis
1388 4431 1425 4474 ea
