3500 5375
395 1500 454 1567 Ubi
484 1522 516 1567 eo
536 1504 666 1582 perveni
687 1510 722 1589 ut
745 1505 858 1569 studiis
881 1503 1075 1568 Academicis
1099 1504 1174 1568 meis
1195 1505 1289 1585 finem
1310 1507 1480 1588 imponam,

353 1602 451 1684 Vobis,
490 1602 559 1667 Viri
593 1603 777 1687 Clarissimi,
808 1624 941 1689 quorum
971 1604 1150 1669 lectionibus
1173 1610 1210 1669 ut
1232 1606 1349 1691 eliquat
1373 1627 1480 1671 anuos

237 1736 240 1743 ¹
348 1707 525 1771 interessem
554 1705 633 1769 mibi
664 1706 800 1791 contiait,
830 1708 953 1789 aeetias
983 1726 1041 1788 eoo
1072 1706 1226 1791 habeoque
1257 1727 1326 1771 curn
1348 1714 1480 1791 propter

348 1809 549 1873 eruditionem
567 1814 633 1873 tura
646 1814 774 1892 propter
793 1809 1021 1873 immanitatem
1043 1807 1195 1889 Vestram,
1214 1830 1350 1894 quorum
1361 1830 1481 1889 semper

348 1911 522 1975 meminisse
537 1910 670 1992 juvebit.

394 2011 568 2093 Praecipue
591 2016 693 2075 autem
718 2010 782 2075 Tui
803 2018 898 2095 arata
922 2011 1088 2095 virideque
1109 2011 1168 2075 erit
1190 2012 1347 2093 manerio,
1369 2012 1477 2076 cieris·

349 2116 424 2179 sime
443 2114 563 2194 Nesse,
587 2114 677 2177 ouius
700 2113 860 2177 consilium
882 2133 1048 2197 nunquam
1067 2113 1145 2176 mibi
1163 2113 1311 2194 defuerit,
1330 2113 1479 2197 cuiusque

239 2291 242 2297 1
348 2220 517 2295 praecepta
539 2220 614 2298 quot
636 2219 665 2277 et
686 2220 808 2298 quanta
831 2214 911 2278 bone
935 2215 1116 2277 contineant
1138 2213 1225 2277 toties
1246 2219 1392 2293 expertus
1411 2215 1477 2277 sim

395 2316 456 2379 Tui
485 2316 597 2380 deinde
627 2316 676 2380 bic
707 2317 889 2380 mentionem
921 2315 1025 2400 facere
1056 2314 1109 2399 fes
1131 2321 1184 2395 est,
1206 2315 1378 2379 deotissime
1400 2314 1479 2379 an.

352 2418 576 2496 Ooeauwesae,
599 2438 728 2502 quocum
749 2438 806 2497 per
829 2418 863 2480 id
886 2417 1032 2496 temporis
1055 2417 1191 2500 spatium
1213 2436 1283 2479 eum
1303 2416 1480 2480 studiorum

331 2514 569 2587 'cummunitate
600 2524 666 2581 tum
698 2520 826 2582 intimae
856 2519 1012 2582 amicitiae
1040 2518 1174 2581 vinculis
1198 2518 1330 2599 junctus
1353 2517 1480 2602 fuerim,

349 2622 464 2704 quique
495 2620 581 2684 besee
608 2625 777 2700 postremos
808 2640 927 2683 mermes
959 2620 1077 2683 sinceri
1101 2641 1175 2703 crya
1196 2641 1244 2683 me
1265 2621 1366 2684 animi
1387 2620 1481 2704 sique

350 2723 439 2787 baud
462 2723 559 2786 dubia
582 2721 711 2785 dederis.

395 2821 540 2908 Sequeris
573 2822 632 2898 Tu,
666 2825 796 2886 meaimi
832 2825 992 2887 aestimate
1025 2823 1054 2887 J,
1087 2824 1144 2887 ΡΗ.
1167 2845 1232 2888 voe
1256 2844 1317 2888 aaa
1341 2823 1481 2906 Kainon,

350 2927 439 2988 cuius
467 2923 586 2987 auditio
616 2924 739 2988 debeam
772 2925 855 3009 quod
886 2924 987 3009 fontes
1009 2925 1093 2989 unde
1116 2925 1160 2988 ad
1181 2924 1264 2989 benc
1287 2925 1478 2989 dissertatio·

350 3046 418 3090 nem
442 3025 694 3089 conscribendam
716 3025 888 3106 haurirem,
912 3025 989 3088 mibi
1006 3031 1135 3109 praesto
1158 3025 1303 3108 fuerunt.

396 3129 481 3192 Idem
494 3127 562 3210 fere
572 3147 690 3190 munus
701 3133 736 3189 tu
748 3126 825 3189 mibi
831 3128 1030 3211 praestitisti,
1038 3128 1081 3191 mi
1090 3128 1245 3207 patruelis
1257 3128 1291 3191 P.
1306 3127 1338 3190 Ο.
1354 3126 1393 3189 Μ.
1407 3127 1481 3208 Boe,

351 3232 415 3315 qui,
438 3251 498 3315 quo
520 3237 652 3310 tempore
675 3230 831 3293 interdum
853 3249 903 3293 res
926 3230 1107 3295 domesticae
1130 3231 1294 3294 obstabant
1313 3231 1482 3315 quominus
1512 3234 1514 3239 ’

350 3333 416 3410 ipse
441 3330 662 3394 Bibiiotbeeam
685 3330 814 3408 adirem,
834 3351 1025 3415 quamquam
1047 3331 1135 3412 imeae
1155 3330 1221 3394 elio
1242 3335 1299 3394 tuo
1318 3332 1482 3410 prouincia

351 3439 397 3496 est
418 3452 515 3518 neque
537 3437 669 3511 tempore
692 3429 858 3513 affluebas,
882 3431 1043 3495 beneooius
1065 3431 1143 3495 mibi
1166 3433 1365 3496 succurreres.

396 3534 442 3598 Et
463 3539 598 3598 cestrum
622 3533 731 3617 cuique
753 3553 791 3595 ee
813 3535 916 3596 animi
937 3535 1093 3597 sententia
1114 3534 1238 3618 aretoas
1259 3551 1326 3617 eoo.
