3500 5375
856 720 920 781 110

494 908 581 988 χώρει
605 931 663 980 νον,
688 902 709 970 ct
734 914 802 970 ποεῖ·
826 906 875 971 uoci
899 905 957 985 γὰρ
981 906 1087 987 ὑστέρῳ
1110 907 1144 970 τό
1166 908 1197 983 γ’
1224 900 1255 969 εὖ

498 1019 647 1100 σροὶσσενν,
672 1020 735 1085 ἐπεὶ
760 1019 884 1092 πύθοιτο,
909 1018 1004 1100 κέρδος
1027 1021 1158 1101 ἐμπολᾷ.

317 1195 357 1261 oi.
393 1194 481 1259 Phil.
518 1195 602 1258 303:
635 1192 831 1270 ἐξεμπολήσεν
856 1193 970 1274 κὲρδοςς
999 1193 1079 1258 Ant.
1107 1195 1211 1258 1036:
1236 1191 1451 1271 ἐξημπόλημαι

318 1306 578 1387 κοέκσεφόρσοσροοιο
614 1305 728 1391 ocinum
765 1306 852 1370 Phil.
890 1308 972 1371 579:
1009 1308 1040 1371 τί
1070 1332 1111 1383 με
1140 1306 1221 1371 κοντοὶ
1255 1306 1356 1373 σκότον
1379 1309 1451 1376 ποτὲ

318 1422 467 1501 διεμπολρῖ
502 1419 611 1497 λόγοισι
647 1419 715 1499 πρός
748 1420 776 1483 o*
810 1420 824 1483 ὃ
857 1419 1021 1496 νοινβοὶτνς,
1046 1419 1091 1484 11).
1117 1442 1161 1485 vs.
1187 1421 1270 1485 978:
1294 1420 1450 1501 σε’προοροοιν

319 1533 486 1598 κάπόλωλοι
509 1533 549 1599 cf.
574 1531 662 1599 Phil.
684 1533 759 1615 511,
782 1532 898 1618 fragm.
924 1534 999 1614 517,
1025 1535 1055 1596 7.

364 1647 548 1733 Antequam
585 1646 625 1711 de
658 1646 732 1710 aliis
764 1646 931 1711 videamus
954 1646 1126 1711 dicendum
1151 1654 1200 1713 est
1222 1648 1261 1713 de
1285 1647 1341 1711 Αἰ.
1366 1650 1449 1713 977:

477 1816 519 1883 ’ὦ
543 1820 673 1899 Φίλτοοσ’
701 1818 788 1893 Aiace,
813 1816 834 1883 ὦ
858 1816 999 1896 ξύννομον
1022 1820 1099 1899 ὄμμ’
1124 1823 1197 1899 ἐμοί,

499 1926 542 2011 ἆρ’
568 1930 758 2025 tenduntur,
784 1930 878 2013 ὥσπερ
902 1936 918 2009 ἦ
943 1933 1036 2013 φάσις
1062 1941 1180 2014 κρατεῖς

274 2121 277 2126 ·
365 2095 414 2160 De
436 2095 495 2159 hoc
518 2095 585 2160 loco
608 2102 701 2160 acute
725 2100 757 2161 et
781 2102 856 2161 vere
881 2095 963 2159 mihi
989 2095 1155 2161 Lueokius
1176 2096 1341 2184 disputare
1361 2096 1449 2161 vide-

320 2214 374 2272 tur
389 2209 428 2294 ¹),
463 2214 560 2293 atque
594 2229 661 2273 rem
698 2228 758 2272 acu
792 2208 956 2294 tetigisse:
995 2231 1096 2296 „nego
1126 2210 1213 2275 enim
1244 2231 1280 2274 ec
1311 2231 1450 2298 pernego

325 2320 506 2401 „Teucrum
543 2327 612 2384 tum
649 2321 791 2406 primum
826 2321 866 2385 ad
897 2322 1005 2387 fratris
1036 2323 1194 2387 carissimi
1225 2323 1448 2389 exanimatum

324 2456 459 2520 „corpus
482 2434 682 2499 accedentem
707 2434 919 2520 frigidissima
942 2437 999 2500 illa
1022 2438 1209 2523 metaphora
1228 2437 1277 2502 uti
1297 2439 1449 2525 potuisse„

323 2567 438 2633 „quam
462 2548 525 2612 viri
548 2547 632 2612 docti
657 2547 895 2635 deprehendere
919 2550 982 2614 sibi
1006 2550 1167 2616 videntur.
1192 2550 1276 2615 Nam
1302 2552 1359 2637 qui
1382 2573 1448 2615 me·

324 2661 475 2748 „taphora
499 2662 612 2744 utitur,
636 2662 707 2727 eius
730 2663 875 2728 animum
900 2664 971 2730 sine
994 2663 1093 2729 dubio
1116 2664 1205 2729 illam
1230 2664 1393 2752 regionem
1417 2644 1450 2729 et

324 2781 496 2862 „tanquam
532 2777 730 2862 provinciam
766 2798 808 2842 ex
832 2798 897 2864 qua
919 2779 1020 2865 petita
1043 2785 1101 2861 est,
1124 2780 1294 2845 observare
1320 2799 1449 2845 necesse

269 2959 272 2966 ,
324 2895 407 2968 „estz
444 2910 522 2953 num
558 2911 633 2955 vero
668 2889 835 2956 credemus
871 2891 976 2979 primo
1011 2892 1119 2957 fratris
1150 2893 1293 2959 defuncti
1317 2881 1448 2979 aspectu

324 3002 461 3082 „Teucri
484 3003 628 3066 animum
653 3003 760 3068 nescio
784 3004 905 3090 quibus
929 3013 1142 3071 mercatorum
1166 3007 1268 3072 teneri
1286 3005 1448 3091 negotiis?

324 3115 434 3197 „Talis
464 3116 595 3203 quidem
625 3118 843 3183 translationis
866 3119 1000 3185 fortasse
1022 3121 1189 3186 excusatio
1212 3127 1305 3203 esset,
1330 3120 1358 3185 si
1381 3142 1447 3186 me·

324 3228 476 3314 „tephora
510 3234 575 3293 tam
613 3230 757 3315 vulgaris
792 3236 923 3319 tamque
958 3254 1018 3297 usu
1043 3234 1119 3298 trita
1143 3240 1236 3317 esset„
1260 3241 1296 3298 ut
1318 3234 1448 3298 omnino

324 3363 406 3422 „non
430 3343 620 3406 sentiatur.”

365 3454 553 3519 Assentitur
583 3455 699 3521 deinde
730 3455 897 3522 Lueokiue
921 3458 1086 3525 Dindorfio
1110 3460 1170 3524 hoo
1193 3460 1260 3525 loco
1283 3461 1346 3525 tale
1368 3460 1445 3548 quid

321 3567 443 3652 requiri
478 3567 573 3654 quale
603 3566 784 3642 -ἕξὲπνεοσος
821 3593 866 3635 vs.
906 3573 1000 3636 1026.
1032 3573 1072 3636 Id
1104 3595 1215 3639 verum
1248 3596 1317 3640 esse
1348 3575 1445 3640 etiem

319 3687 452 3766 apparet
475 3702 493 3745 e
516 3680 604 3745 chori
628 3702 779 3768 responso
798 3683 905 3747 daero
924 3686 994 3765 οὶννρ
1015 3691 1133 3766 Τεῦκρε.
1146 3687 1269 3752 Idcirco
1280 3687 1446 3753 Lueckius

320 3795 486 3880 proposuit
520 3787 564 3873 ἆρ’
597 3794 807 3878 ductatores,
839 3798 907 3862 scil.
939 3799 992 3871 τὴν
1016 3805 1126 3863 σοοντοῦ
1150 3808 1271 3884 adipem
1297 3807 1447 3887 provocat

319 3905 359 3969 ad
383 3905 542 3991 ejusmodi
566 3901 649 3970 locos
673 3907 756 3975 Plat.
781 3909 883 3996 Legg.
908 3910 988 3993 XII„
1012 3932 1084 3998 pag.
1105 3915 1169 3976 959
1183 3912 1220 3995 0,
1241 3913 1360 3978 Herod.
1381 3913 1445 3996 III„

323 4020 396 4101 142,
432 4018 529 4082 Hom.
565 4018 604 4083 Il.
640 4019 700 4103 IV,
737 4024 809 4104 170,
842 4024 899 4086 ubi
929 4004 1037 4087 tamen
1069 4026 1163 4111 pleno
1186 4027 1304 4090 locutio
1324 4026 1447 4112 iegitur

320 4133 428 4198 addito
452 4133 581 4197 nomine
605 4143 693 4214 μοῖροο
719 4136 789 4200 sive
811 4137 935 4214 πότμος.

355 4429 383 4494 i)
401 4429 434 4488 11,
452 4445 507 4494 pag.
525 4428 565 4478 12.
