3500 5375
888 709 930 773 84

356 898 358 903 ’
385 898 574 985 Metaphore
596 897 732 963 notanda
756 904 804 963 est
825 918 921 985 qnam
947 898 1110 963 continent
1132 896 1202 962 ΟΒ.
1227 900 1390 985 500sqq.:

629 1049 736 1124 dolosis
760 1049 786 1112 δ’
811 1044 852 1111 ὅτι
876 1047 984 1126 μοὲντις
1007 1048 1094 1111 πλέον
1117 1048 1134 1121 ἢ
1158 1050 1215 1125 ἐγὼ
1239 1049 1359 1127 Φέρεται

518 1162 605 1243 κρίσις
628 1164 678 1225 οὐκ
700 1160 777 1224 ἔστιν
800 1161 922 1235 ἀληθής·
945 1162 1037 1244 οοΦίρι
1060 1162 1086 1225 δ’
1110 1161 1146 1225 ἂν
1169 1162 1277 1243 οοΦίκν

517 1276 728 1354 ποιροιμείψειεν
751 1276 830 1353 οὶνηρ.

342 1424 498 1491 Videmus
520 1426 743 1490 translationes
764 1426 797 1490 in
819 1426 927 1491 verbis
948 1426 1036 1490 πλέον
1056 1427 1203 1509 φέρεσθαι,
1217 1429 1335 1492 κοίτοιο
1347 1428 1465 1493 loeutio

340 1539 380 1605 de
411 1541 562 1626 praemiis
593 1538 792 1625 reportandis
824 1549 872 1604 est
895 1541 934 1603 τοὶ
958 1546 1059 1619 πρῶτοι
1081 1542 1234 1620 abstentam
1259 1542 1369 1607 eodem
1394 1564 1464 1628 per-

339 1655 421 1720 tinet
450 1657 679 1734 ποιροιροείφειενη
705 1652 844 1739 deniqne
866 1655 1104 1719 substantivum
1129 1657 1215 1733 κρίσις
1239 1654 1302 1719 huo
1326 1655 1463 1721 referen-

340 1769 417 1833 dum
440 1790 509 1833 esse
532 1767 644 1831 dooent
667 1766 717 1830 nl.
743 1767 807 1829 683
820 1790 885 1853 sq.:
1198 1760 1202 1767 ’

517 1916 559 1982 ὅτ’
583 1918 679 1999 ᾔσθετ’
704 1918 803 1998 ἀνδρὸς
826 1919 917 1990 ὀρθίων
941 1918 1138 1997 κηρνγμοίτιον

1442 1913 1447 2024 l

1440 2059 1443 2142 ι

518 2032 619 2114 δρόμον
641 2031 880 2113 προκηρύξαντος,
904 2029 935 2097 οὗ
958 2034 1055 2108 πρώτη
1079 2034 1177 2111 κρίσις,

341 2174 455 2239 Traoh.
492 2174 573 2239 264:
610 2173 735 2235 λείποιτο
771 2172 839 2250 πρὸς
872 2169 955 2243 τόξον
988 2172 1093 2250 κρίτιν;
1118 2169 1206 2233 Phil.
1232 2171 1335 2234 1050:
1359 2170 1463 2250 χῶπου

339 2289 453 2354 einaim
475 2289 612 2365 xoiyoodciv
635 2286 741 2364 ἀνδρῶν
764 2286 859 2365 κρίσις.

384 2402 519 2468 Aooedit
541 2400 675 2464 verbum
699 2400 796 2478 κρίνειν
821 2397 876 2462 Ai.
901 2398 984 2464 442:

516 2540 541 2603 εἰ
564 2538 619 2619 ζῶν
643 2538 806 2617 Ἀχιλλεὺς
831 2544 886 2601 τῶν
910 2535 1005 2601 ὅπλων
1029 2543 1085 2601 τῶν
1109 2533 1145 2600 ὧν
1169 2537 1230 2617 πέρι

515 2653 612 2733 κρίνειν
636 2650 745 2730 ἔμελλε
768 2650 870 2732 κροὶτος
895 2652 1041 2732 οέριοτείοις
1065 2652 1128 2714 τινί.

384 2793 416 2857 Ν
418 2817 436 2859 e
470 2791 590 2878 eogites
625 2790 677 2854 hio
708 2789 747 2854 de
777 2789 889 2876 judioe
922 2809 1037 2854 oeusae
1072 2789 1207 2854 forensis
1242 2795 1326 2854 reete
1356 2797 1464 2855 monet

340 2909 522 2991 Lueokius3
545 2913 705 2972 certamen
729 2905 816 2969 enim
840 2904 978 2990 spectari
1000 2903 1113 2968 dooent
1136 2904 1234 2970 verba
1256 2903 1359 2984 κροὲτος
1373 2907 1462 2984 ,οὶρισ-

336 3025 436 3106 τείοις
459 3022 545 3086 idem
568 3021 665 3086 etiam
690 3017 859 3083 Nauokins
883 3019 992 3103 sensit,
1016 3019 1073 3104 qui
1097 3019 1263 3104 proposuit
1284 3024 1340 3082 τῶν
1363 3017 1460 3082 ὅπλον

337 3143 392 3201 τῶν
426 3133 462 3199 ὧν
496 3134 644 3214 βροιβεύς;
677 3139 761 3198 reete
793 3153 891 3198 neone
922 3133 1081 3198 extricare
1112 3154 1173 3197 non
1198 3132 1310 3217 audeo,
1334 3140 1459 3199 tantum

337 3253 505 3316 observare
541 3249 638 3313 velim
673 3269 736 3329 eos,
768 3247 899 3340 quibus·
917 3247 1001 3311 inter
1033 3247 1168 3312 Aiaoem
1192 3254 1224 3312 et
1246 3246 1398 3335 Ulyssem
1420 3248 1460 3312 de

336 3365 435 3428 ermis
470 3360 713 3426 discernendum
748 3359 856 3443 fuerit,
887 3365 986 3441 κριτοὶς
1017 3359 1082 3424 diei
1106 3361 1162 3425 Ai.
1189 3362 1292 3444 1243;
1315 3361 1354 3426 of.
1378 3364 1458 3439 οἰγο-

337 3479 445 3559 νοὶρχοιι
469 3477 513 3546 ib.
538 3498 584 3553 vs.
609 3477 684 3539 572.

381 3590 529 3656 Notanda
552 3597 627 3654 sunt
650 3589 747 3652 etiam
771 3588 826 3651 Ai.
850 3588 953 3650 1302:
974 3585 1098 3666 ἔκκριτον
1118 3587 1255 3667 δὼρημοις
1269 3587 1384 3651 Traoh.
1398 3589 1457 3652 27:

335 3706 426 3786 κριτὸν
449 3705 549 3783 λέχος,
574 3701 690 3767 Traoh.
714 3701 796 3766 245:
822 3709 926 3778 κτημοι
949 3699 1051 3780 κριτόν.

379 3819 429 3884 De
472 3819 623 3905 praemiis
666 3808 867 3903 reportandis
907 3817 1026 3880 usitata
1067 3823 1142 3881 sunt
1179 3817 1285 3897 Φέρειν,
1320 3817 1457 3898 Φέρεοθοιι

335 3933 486 4014 ἄρνοοθοις
523 3953 605 4018 quae
640 3931 738 3997 verba
773 3951 828 4015 per
863 3929 1083 4016 metaphoram
1118 3930 1322 4014 adhibentur,
1356 3933 1460 4018 velnti

336 4046 424 4111 Phil.
448 4048 530 4110 837:

514 4186 607 4264 κοιιρός
630 4208 672 4248 τοι
695 4183 811 4248 πάντων
834 4181 958 4262 yonam
981 4181 1073 4263 ἴσχων

513 4298 588 4362 πολὺ
611 4297 692 4377 ποιροὶ
714 4296 791 4360 ortae
814 4296 917 4377 κροὶτος
940 4295 1069 4376 ἄρνντοιι.

336 4440 386 4505 ΕΙ.
413 4439 516 4503 1088:
