3500 5375
859 694 922 758 132

324 876 451 943 Atridis
485 886 687 965 repugnaret,
720 881 801 948 ratio
833 881 979 948 habenda
1003 890 1090 968 erat3
1114 884 1173 949 hoo
1196 883 1325 972 Ulyssis
1350 888 1451 972 impe·

324 994 410 1057 rium
444 1000 542 1080 atque
575 995 797 1062 auctoritatem
831 998 944 1083 opinor
978 997 1102 1064 Teucer
1136 1000 1276 1086 respuit,
1301 1002 1329 1065 si
1352 1000 1450 1066 dioit:

324 1111 408 1188 μένος
432 1110 578 1187 ποορέσπης
602 1112 709 1190 χερσίν.

369 1222 422 1288 sic
456 1224 553 1321 etiem
588 1224 800 1310 explicandus
835 1226 964 1291 videtur
997 1225 1064 1291 00.
1098 1250 1145 1292 vs.
1172 1230 1275 1293 1103:
1299 1226 1367 1293 οἵδε
1390 1229 1450 1308 γὰρ

323 1339 408 1419 χέρες
433 1339 551 1412 Θησέως
574 1337 704 1403 doeens:
731 1338 875 1405 Theseus
899 1341 1022 1406 soilioet
1040 1341 1124 1407 filies
1144 1342 1320 1429 Oedipodis
1340 1342 1450 1408 reduoi

320 1455 470 1540 jusserat,
495 1460 527 1518 et
550 1460 714 1539 praetereo
737 1455 767 1519 ei
791 1463 860 1518 eret
885 1461 1021 1541 potestas
1044 1456 1073 1520 si
1096 1477 1176 1542 opus
1196 1464 1280 1521 esset
1292 1458 1325 1521 vi
1337 1458 1450 1521 ermis·

324 1588 499 1655 quosnam
526 1569 724 1633 voluntatem
748 1576 941 1655 perpetrare.
1031 1633 1035 1640 ,

370 1681 503 1748 Auxilii
527 1683 689 1747 notionem
713 1702 747 1748 re
771 1704 847 1748 vere
870 1685 1074 1769 agnoscimus
1098 1684 1149 1749 El.
1176 1686 1278 1749 1349:

789 1842 820 1912 οὗ
842 1850 875 1912 τὸ
900 1848 1019 1912 Φωκέων
1042 1848 1128 1913 πέδον

593 1960 822 2042 ὑπεξεπέμφθην
847 1973 883 2042 οη
908 1963 1053 2046 προμηθίη
1076 1971 1181 2043 χεροῖν.

370 2125 440 2191 OR.
465 2127 546 2191 719:
572 2126 679 2207 ἔρριψεν
703 2126 801 2190 ἄλλων
824 2127 923 2206 χερσὶν
947 2126 1064 2204 ἄβατον
1084 2128 1125 2197 εἷς
1145 2126 1212 2206 ὅρος,
1225 2126 1266 2193 ef.
1280 2126 1330 2190 El.
1346 2128 1448 2191 1357:

327 2238 347 2305 ὦ
371 2242 518 2319 Φίλποιποιν
542 2240 597 2319 μὲν
620 2248 727 2322 χεῖρες,
753 2240 868 2315 ἥδιστον
892 2241 918 2304 δ’
942 2239 1019 2320 ἔχων
1043 2241 1137 2305 ποδῶν
1160 2240 1343 2320 ὑπηρέτημα.

371 2354 575 2421 Personelem
608 2354 876 2440 significationem
903 2354 1042 2440 denique
1065 2353 1225 2446 interdum
1251 2353 1348 2418 hebet
1369 2355 1450 2432 χείρ;

328 2470 383 2535 Ai.
408 2472 468 2534 50:
491 2479 581 2549 χεῖρον
602 2476 763 2547 μοιμῶσοον
786 2471 885 2552 Φόνου,
909 2467 997 2531 Phil.
1024 2468 1127 2531 1253:
1153 2475 1242 2547 χεῖρον
1265 2465 1361 2542 δεξοοὶν
1385 2469 1451 2549 ὁρᾷς

327 2584 428 2655 κώπης
459 2583 671 2663 ε’πνφοούονσοον,
705 2582 819 2647 Treoh.
850 2583 932 2646 898:
958 2584 1009 2645 uei
1032 2583 1119 2645 τοῦτ’
1143 2581 1213 2654 ἔτλη
1237 2606 1281 2653 πνς
1305 2580 1372 2661 χεὶρ
1396 2605 1450 2658 γν-

328 2700 438 2764 vaenale
461 2701 575 2774 κσέσοοη
600 2698 640 2762 ef.
665 2696 730 2762 OO.
758 2698 853 2762 1102.
879 2696 935 2762 Αἰ.
956 2699 1009 2761 35.
1030 2699 1105 2764 490.
1129 2696 1245 2762 Aeseh.
1266 2695 1353 2783 Sept.
1368 2698 1450 2761 554:

327 2811 395 2893 χεὶρ
418 2813 467 2895 ὁρᾷ
490 2813 523 2876 πὸ
546 2811 694 2892 δράσιμον.

298 3419 307 3438 ¹¹
374 3393 577 3481 Quamquam
602 3393 764 3458 oooesione
786 3392 861 3457 daie
883 3391 937 3457 hio
960 3392 1028 3457 illio
1050 3392 1090 3456 nd
1113 3394 1177 3457 elie
1195 3393 1452 3480 delapsisumus,

300 3488 307 3501 Μ
329 3509 363 3572 in
399 3507 661 3594 praeoedentibus
696 3507 867 3593 praeeipue
891 3506 929 3569 de
951 3508 1242 3593 comparationibus
1266 3515 1298 3572 et
1320 3509 1453 3573 transla-

309 3598 472 3688 ¹tionibus
506 3605 642 3707 egimus.
678 3620 717 3682 Iu
749 3603 935 3706 Sophocleis
952 3621 1084 3686 *fabulis
1107 3629 1213 3686 tamen
1236 3621 1454 3708 multoplures

306 3741 518 3821 :argumente
540 3729 752 3799 inveniuntur
775 3733 892 3798 studiis
914 3735 1030 3799 nostris
1052 3733 1252 3819 dignissime.

375 3849 411 3913 si
444 3849 484 3914 ed
515 3850 670 3914 sermonis
692 3849 871 3914 ubertatem
895 3856 927 3913 et
950 3848 1224 3935 pulchritudinem
1247 3849 1452 3933 attendimus,

330 3949 389 4029 iix
423 3975 480 4027 nos
514 3963 625 4048 fugere
660 3969 763 4048 potest
797 3963 935 4027 varietas
968 3962 1165 4027 leontionum
1198 3983 1280 4048 quae
1303 3985 1337 4027 se
1361 3963 1453 4027 nobis

330 4076 423 4142 offert
450 4077 482 4139 iu
520 4077 627 4141 verbis
661 4063 797 4158 dioendi,
833 4076 995 4158 audiendi,
1031 4077 1140 4159 eundi,
1177 4077 1337 4155 veniendi,
1362 4078 1453 4161 aliis3

331 4211 435 4286 neque
469 4191 679 4276 negligendae
713 4199 789 4256 sunt
824 4212 873 4256 res
906 4192 1066 4274 metricae,
1091 4213 1149 4256 neo
1173 4192 1276 4278 magis
1301 4214 1454 4257 versuum

331 4329 437 4388 sonus,
461 4308 518 4394 qui
540 4327 635 4393 saepe
659 4308 703 4371 ita
726 4328 760 4371 se
783 4306 881 4372 hebet
903 4313 948 4390 ut,
972 4308 1042 4372 sive
1064 4307 1290 4372 ellitteratione
1310 4306 1455 4371 adhibita

330 4423 399 4489 sive
423 4444 480 4509 per
502 4421 678 4509 asyndeton
702 4421 771 4487 sive
795 4443 852 4508 per
874 4422 1145 4487 coacervationem
1169 4422 1320 4493 brevium
1343 4423 1452 4506 longe·
