3500 5375
842 690 883 753 93

300 875 405 941 adhuc
428 878 573 963 ignotus3
598 878 754 963 sagaciter
776 879 860 943 inter
883 878 970 943 hunc
992 886 1024 943 et
1047 878 1183 965 Hyllum
1206 886 1237 943 et
1250 877 1424 944 Herculem

301 990 458 1077 colloquio
487 992 652 1057 enucleato
683 991 722 1056 de
746 1013 822 1056 sene
844 991 1023 1057 Zielinskio
1047 993 1173 1057 nullum
1198 992 1334 1057 dubium
1360 999 1426 1057 est:

305 1128 357 1187 „es
392 1108 434 1171 ist
456 1106 536 1190 klar,
560 1107 617 1172 der
641 1108 717 1172 Alte
740 1108 782 1172 ist
804 1108 856 1172 ein
883 1108 971 1190 Arzt,
997 1107 1162 1173 vielleicht
1185 1106 1294 1172 Alkon
1318 1108 1426 1191 selbot,

305 1219 380 1300 „der
416 1219 589 1304 ,Begleitar
622 1219 678 1285 des
713 1220 894 1286 Heraklos’.
927 1220 1005 1286 Wie
1036 1222 1117 1286 oben
1149 1222 1222 1287 eine
1246 1220 1345 1286 Scene
1368 1241 1427 1285 aus

304 1332 394 1414 „dem
426 1333 682 1412 Laboratorium‚
712 1356 746 1399 so
779 1334 835 1398 hat
857 1334 915 1399 der
937 1333 1072 1400 Dichter
1094 1334 1166 1399 hier
1189 1356 1250 1399 uns
1273 1335 1345 1400 eine
1367 1356 1426 1400 aus
1468 1397 1471 1409 ,

305 1447 379 1527 „der
401 1447 519 1511 Klinik
543 1449 602 1511 auf
622 1448 674 1513 die
697 1447 812 1512 Biihne
834 1448 1020 1533 gebracht.''
1467 1421 1471 1526 i

344 1562 419 1626 Jam
451 1562 618 1627 redeamus
646 1563 686 1626 ad
710 1564 795 1649 ipsas
820 1562 956 1645 fabulas,
982 1572 1017 1626 ut
1040 1562 1240 1628 conferamus
1263 1563 1346 1627 locos
1369 1563 1426 1627 ubi

302 1676 498 1741 medicorum
523 1676 694 1763 disciplina
716 1684 992 1742 commemoratur.

345 1789 478 1877 Duplex
502 1791 697 1856 medicorum
717 1791 881 1855 auxilium
894 1792 1114 1876 cognoscimus
1126 1790 1213 1876 apud
1226 1789 1425 1876 Sophoclem,

301 1905 402 1969 altera
436 1925 509 1991 pars
543 1912 611 1970 erat
641 1906 836 1985 χειροτεχνία,
861 1906 959 1970 altera
992 1911 1100 1969 autem
1126 1904 1193 1969 fers
1217 1926 1268 1969 ars
1292 1906 1426 1989 magica,

301 2040 365 2104 qua
396 2020 524 2097 ἐπῳδαῖς
557 2020 682 2084 morbos
713 2039 826 2083 sanare
848 2020 1061 2102 conabantur3
1082 2040 1132 2083 res
1154 2025 1288 2104 apparat
1311 2016 1425 2081 Trach.

304 2135 406 2197 1000:

524 2223 568 2293 τίς
592 2223 649 2303 γὰρ
672 2224 777 2293 cicilie,
803 2224 846 2295 τίς
871 2224 884 2286 ὁ
907 2223 1096 2304 χειροτέχνης

525 2338 660 2416 idropicus,
685 2338 715 2409 ὃς
738 2338 818 2407 τήνδ’
843 2336 918 2411 ἄτην

524 2451 614 2531 χωρὶς
638 2452 726 2524 Ζανὸς
750 2452 968 2526 κατακκλήοεις

346 2614 449 2680 Periti
484 2616 601 2680 medici
636 2622 705 2680 erat
739 2617 819 2680 scire
855 2622 927 2680 utra
962 2615 1121 2681 medicina
1152 2638 1231 2703 opus
1262 2624 1361 2699 esset3
1385 2616 1426 2681 cf.

302 2730 356 2794 Αἰ.
382 2730 463 2794 581;

766 2823 797 2885 οὐ
820 2823 888 2898 πρὸς
912 2824 1009 2900 ιάτροῦ
1032 2827 1125 2900 σοφοῦ

483 2941 485 2945 ’
523 2938 628 3014 θρηνεῖν
651 2935 766 3014 iapida
790 2937 857 3013 πρὸς
881 2940 1006 3010 τομῶντι
1029 2935 1187 3015 τραύματι,

300 3099 340 3163 cf.
365 3098 478 3184 fragm.
505 3100 579 3182 513,
604 3101 641 3162 3:

522 3259 600 3332 ὅστις
623 3263 680 3342 γὰρ
704 3265 732 3326 ἕν
755 3270 871 3326 κακοῖσι
895 3263 1033 3338 θυμωθεὶς
1053 3266 1161 3340 βροτῶν

523 3375 623 3456 μεῖζον
647 3376 806 3454 προσάπτει
831 3386 884 3448 τῆς
909 3378 990 3440 νότον
1014 3377 1045 3439 τὸ
1069 3379 1238 3456 Φάρμακον,

524 3490 618 3570 ἰατρός
642 3492 718 3553 ἔστιν
741 3492 790 3553 οὐκ
813 3489 984 3564 ἐπιστήμων
1008 3495 1114 3553 κακῶν.

298 3652 483 3718 Notandum
515 3654 612 3717 etiam
644 3662 692 3718 est
723 3653 837 3738 fragm.
874 3654 948 3734 733,
975 3654 1059 3739 quod
1083 3654 1121 3718 de
1145 3652 1278 3719 medicis
1301 3655 1424 3720 dictum

298 3765 492 3830 Plutarchus
517 3767 679 3831 servavit:
769 3819 771 3824 .

520 3936 622 4006 πικρὰν
647 3930 741 4009 χολὴν
765 3929 902 4010 κλύζουσι
926 3931 1078 4010 paradas
1101 3934 1200 4009 πικρῷ.

342 4081 495 4168 Sequitur
528 4081 641 4166 ingens
675 4102 830 4146 numerus
860 4081 1012 4163 locorum,
1038 4082 1095 4147 uhi
1120 4102 1221 4146 unum
1245 4082 1424 4147 alterumve

297 4215 412 4260 nomen
435 4217 453 4260 e
477 4193 672 4260 medicorum
694 4196 858 4281 provincia
875 4194 1102 4281 ‚depromptum
1122 4195 1274 4260 translate
1294 4194 1422 4259 dicitur.

344 4306 566 4392 Agamemnon
602 4308 721 4373 Teucri
753 4307 947 4393 pertinaciae
977 4308 1136 4388 Φάρμακον
1168 4307 1235 4372 fore
1257 4308 1421 4392 flagellum

299 4421 441 4487 minatur
471 4420 526 4485 Αἰ.
553 4423 648 4486 1255.
674 4421 815 4486 Tiresias
838 4421 896 4487 ubi
919 4418 1087 4486 Creontem
1112 4419 1269 4485 adducere
1292 4427 1425 4485 conatur
