3500 5375
869 688 912 750 34

323 877 387 941 nisi
421 875 505 962 quod
539 876 582 940 sit
616 875 710 958 μανίρ
745 872 885 947 ξύναυλος
918 897 964 938 vs.
997 876 1056 937 611
1092 880 1124 938 et
1155 878 1240 937 νοσῶν
1270 872 1448 953 Φρενομόρως

324 1013 369 1057 vs.
405 990 487 1073 626;
519 989 559 1053 of.
592 988 708 1053 sohel:
741 990 771 1052 οὐ
796 990 847 1051 σὺν
871 988 974 1069 φρεσὶν
999 990 1068 1051 αλλ’
1094 989 1175 1060 ἐκτὸς
1198 992 1307 1068 φρενῶν
1330 987 1448 1065 διοίγων.

366 1103 541 1190 Postquam
565 1102 701 1167 aliorum
726 1102 893 1189 opiniones
912 1101 1066 1167 refutavit
1078 1100 1254 1183 Lueokius,
1266 1102 1312 1165 sio
1325 1102 1448 1189 pergit:

325 1216 391 1299 ,At
413 1217 454 1301 ei,
479 1216 537 1302 qui
561 1237 611 1280 res
634 1216 769 1298 rusticas
793 1214 997 1300 aliquatenus
1020 1214 1155 1297 noverit,
1178 1216 1285 1279 statim
1306 1214 1340 1278 in
1360 1236 1448 1279 men·

325 1339 408 1413 ,tem
445 1331 554 1397 venire
588 1330 692 1412 debet,
724 1329 868 1394 denotari
894 1329 951 1394 hoo
975 1329 1042 1394 loeo
1069 1329 1215 1393 morbum
1247 1329 1358 1395 ovium
1382 1350 1449 1394 ore·

325 1445 532 1527 ,berrimum,
556 1443 613 1530 qui
637 1464 746 1508 verme
767 1441 905 1528 quodam
927 1443 1090 1524 (taeniam,
1111 1442 1304 1528 quaeetiam
1316 1440 1449 1507 Graecis

325 1564 417 1639 ,nota
452 1563 530 1640 erat,
566 1555 712 1642 plerique
746 1576 815 1620 esse
847 1556 1048 1634 existimant)
1080 1556 1114 1617 in
1137 1556 1267 1621 oerebro
1290 1554 1449 1621 insidente

326 1672 491 1754 ,efficitur
516 1669 585 1734 Ubi
607 1670 635 1733 is
660 1670 790 1756 irrepsit
812 1690 888 1735 oves
912 1690 981 1734 sese
1003 1690 1022 1733 a
1042 1670 1156 1733 ceteris
1169 1675 1339 1755 segregant
1349 1669 1449 1733 solae·

326 1808 407 1873 ,que
433 1793 601 1873 vagantur,
625 1784 724 1848 simul
747 1785 780 1847 in
805 1804 922 1871 gyrum
947 1784 1219 1849 circumferuntur
1241 1791 1273 1849 et
1295 1791 1447 1870 tanquam
1508 1800 1512 1803 ’

326 1900 489 1983 ,insaniae
512 1900 605 1985 signa
628 1899 737 1980 edunt,
758 1904 917 1985 postremo
938 1899 1119 1964 miserrima
1139 1900 1212 1964 tabe
1223 1898 1448 1963 absumuntur.

325 2014 430 2095 ,Quin
455 2014 552 2079 etiam
578 2012 672 2077 hodie
696 2033 771 2077 oves
795 2034 831 2076 eo
855 2012 966 2077 morbo
990 2018 1153 2100 correptae
1177 2012 1217 2076 ab
1241 2012 1390 2097 agricolis
1411 2019 1448 2075 ut

324 2134 450 2209 ,mente
472 2134 583 2214 captae
607 2125 849 2213 designantur.”

365 2241 456 2316 Quae
490 2262 563 2305 eum
599 2261 665 2305 rem
701 2260 761 2304 aon
784 2246 916 2325 tangere
939 2260 1095 2322 censeam,
1120 2238 1206 2303 nihil
1227 2238 1343 2304 addere
1366 2260 1448 2326 opus

320 2362 377 2439 est,
412 2355 476 2419 nisi
513 2360 549 2418 ut
582 2352 713 2419 afferam
744 2353 861 2436 loeum,
893 2354 960 2440 qui,
992 2355 1052 2419 etsi
1082 2353 1166 2439 quod
1191 2353 1230 2417 ad
1254 2354 1444 2419 sententiam

319 2470 443 2551 attinet,
478 2490 540 2534 non
575 2469 669 2554 plane
704 2468 871 2555 pelluoeat,
904 2474 1010 2533 tamen
1041 2468 1246 2554 aliquatenus
1276 2468 1445 2534 convenire

320 2583 457 2665 videtur,
483 2581 596 2668 fragm.
619 2583 702 2646 850:
722 2584 924 2660 νέτνμαγὲλνς·
944 2583 1118 2655 trouveras
1139 2583 1318 2660 reincipitur
1330 2588 1444 2664 ταῦρος.

365 2696 417 2761 Ad
451 2698 551 2761 vitam
587 2697 789 2783 pastorioiam
826 2698 924 2762 etiam
959 2698 1120 2784 pertinere
1149 2705 1256 2763 censet
1280 2697 1445 2763 Lueolrius
1475 2681 1503 2783 ‘ff

320 2810 375 2873 Αἰ.
411 2811 493 2874 601;
532 2810 611 2874 idaia
645 2811 760 2886 μίμνων
794 2811 934 2886 λειμωνία
969 2813 1048 2876 ποίαν
1080 2816 1183 2888 μήλων
1206 2812 1360 2892 οὶνήρνθμος
1384 2813 1445 2875 αἰὲν

319 2924 449 3007 εὐνόμω,
486 2945 582 3010 quem
617 2924 760 3009 graviter
790 2931 975 3011 eorruptum
1000 2924 1104 2990 looum
1129 2928 1201 2989 tam'
1220 2927 1318 2991 variis
1344 2926 1445 2990 modis

320 3037 489 3103 emendare
531 3038 635 3102 eonati
676 3044 752 3102 sunt
787 3039 849 3105 viri
884 3037 979 3121 donti,
1014 3045 1051 3103 ut
1084 3039 1226 3104 difficilis
1262 3040 1349 3126 optio
1384 3039 1443 3121 sit,

319 3151 458 3216 Lueokii
499 3152 682 3237 opinionem
725 3158 849 3216 tantum
887 3152 966 3217 nito:
1003 3153 1119 3219 retinet
1153 3153 1209 3218 ille
1242 3149 1379 3228 λειμωνία
1414 3157 1446 3217 et

320 3267 431 3344 μήλων,
471 3265 584 3346 „nam”
622 3265 738 3351 inquit,
776 3268 893 3346 ,etiam
930 3265 1011 3329 illud
1045 3265 1160 3331 ohorus
1195 3267 1228 3329 in
1261 3266 1355 3330 malis
1377 3266 1445 3329 suis

324 3388 499 3463 ,numerat
524 3379 608 3466 quod
632 3379 807 3444 bestiarum
832 3381 966 3459 (ovium)
991 3401 1079 3445 more
1102 3379 1195 3444 humi
1212 3380 1350 3465 jaoeat.”

364 3494 512 3560 Notanda
537 3501 612 3559 sunt
641 3495 832 3581 composita:
856 3494 1035 3575 ννροβοονός
1059 3494 1114 3557 Ai.
1140 3495 1222 3578 5703
1247 3494 1445 3575 χενροβοσκός·

243 3607 245 3612 ’
319 3609 332 3672 ὁ
357 3609 404 3672 δορὶ
427 3610 521 3689 χειρὸς
544 3607 599 3688 ζῶν
624 3608 739 3694 fragm.
760 3610 843 3692 9763
864 3607 1048 3685 ν’ννθοβοοκός·
1069 3607 1242 3688 οὲνθοτρόφον
1254 3608 1368 3694 fragm.
1383 3609 1443 3691 29;

318 3721 518 3804 ἒρρννρβοοκός
541 3723 610 3787 sive
633 3722 825 3802 αρννοβοοκός
850 3722 964 3807 fragm.
990 3723 1065 3786 589.
1332 3719 1336 3726 ’

363 3835 522 3900 Venimus
557 3835 597 3898 ad
631 3835 767 3900 verbum
801 3835 946 3920 νέμεσθαι,
978 3836 1063 3922 quod
1093 3835 1133 3901 de
1157 3837 1300 3922 pasoenti
1323 3837 1444 3924 peoude

317 3949 381 4014 diei
404 3949 501 4033 solet;
523 3948 714 4014 transfertur
736 3948 777 4011 ad
800 3947 946 4014 homines
970 3948 1057 4013 Phil.
1084 3951 1165 4015 706:

539 4125 569 4186 οὐ
594 4121 712 4202 Φορβαν
735 4122 810 4202 ἱεροῖς
834 4127 894 4199 γεῖς
917 4121 1028 4203 σπόρον,
1053 4125 1104 4188 οὐκ
1128 4127 1229 4187 ἄλλων

540 4234 633 4317 αἴρων,
658 4241 713 4300 τῶν
737 4234 893 4314 νεμόμεσθ’
918 4235 1014 4317 ἀνέρες
1037 4237 1204 4317 ἀλφησταί.

317 4402 376 4466 ubi
410 4401 508 4465 etiam
542 4399 640 4480 Φορβῆ
676 4399 911 4485 significatione
941 4400 1094 4466 translata
1124 4400 1246 4466 dietum
1268 4403 1442 4470 notandum
