3500 5375
916 703 963 772 96

369 924 434 971 σας,
468 899 507 963 cf.
539 922 585 963 vs.
619 899 700 962 625:
726 896 824 976 μοῦσνρ
848 922 888 959 νιν
912 895 981 960 ῦταν
1006 902 1142 960 νοσοῦντα
1167 895 1345 975 Φρενομόρως
1370 896 1491 975 οὶκοῦσνρ.

369 1013 504 1079 Accedit
527 1013 581 1077 Αἰ.
607 1015 690 1076 269:

546 1153 632 1229 ἡμεῖς
656 1150 699 1230 ἄρ’
725 1154 755 1215 οῦ
780 1156 925 1222 νοσοῦντες
949 1151 1109 1227 circinando
1133 1156 1190 1222 νῦν,

368 1291 425 1356 ubi
449 1291 561 1377 utique
584 1291 712 1376 requiro
731 1290 815 1376 quod
835 1296 928 1354 acute
949 1288 1186 1354 Herwerdenus
1207 1290 1365 1374 reposuit:
1379 1295 1490 1353 νοσοῦν-

366 1429 424 1476 τος,
458 1404 526 1468 scil.
554 1402 678 1479 Αἴαντος
696 1406 729 1487 ¹),
754 1424 835 1489 quae
858 1403 1039 1467 emendatio
1064 1405 1147 1466 inter
1171 1410 1272 1467 certas
1295 1402 1493 1467 numeranda

367 1517 471 1582 adhuc
494 1518 626 1582 latuisse
651 1516 780 1581 videtur
802 1517 938 1581 editores
962 1516 1148 1582 Germanos.
1173 1515 1223 1580 of.
1249 1518 1303 1579 Αἰ.
1330 1517 1412 1579 279:

877 1644 902 1706 εἷ
925 1643 1113 1719 πεπαυμένος

545 1758 636 1833 μηδὲν
661 1782 687 1820 τι
713 1762 829 1832 μαλλον
854 1756 869 1829 ἢ
895 1763 980 1819 νοσῶν
1004 1757 1197 1836 εὐφραίνεται.

291 1902 340 1987 ss
411 1884 481 1949 Iam
506 1868 654 1949 venimus
678 1884 717 1947 ad
742 1882 856 1949 Traoh.
883 1884 1024 1969 434sq.:

545 2008 698 2089 ἅνθρωπος,
723 2006 743 2073 ὦ
767 2010 902 2081 δέσποιν’,
928 2011 1096 2082 οὶποστήτω·
1120 2012 1154 2080 ,τὸ
1177 2011 1234 2089 γαρ

544 2129 670 2188 νοσοῦντι
695 2131 789 2201 λνρεῖν
813 2125 913 2202 ἀνδρὸς
938 2124 1006 2203 οὐχὶ
1033 2126 1185 2203 σώφρονος,

365 2250 422 2337 qui
448 2271 558 2315 versus
581 2270 644 2314 non
667 2250 785 2335 integri
808 2250 847 2314 ad
871 2271 928 2313 nos
948 2258 1180 2335 pervenerunt,
1200 2250 1370 2314 audiamus
1384 2248 1489 2313 Nauc-

366 2362 475 2427 kium:
505 2362 590 2443 „Das
614 2361 805 2427 fehlerhafte
829 2368 953 2453 νοσοῦντι
977 2372 1073 2442 aaran
1096 2363 1244 2428 erklaren
1267 2362 1321 2427 die
1341 2361 1490 2427 Scholion

368 2478 553 2557 ,carraciaco
575 2485 789 2556 concucurrit,
811 2475 918 2542 weder
936 2475 1117 2563 spraohlich
1130 2477 1249 2562 richtig
1260 2476 1341 2542 noch
1355 2476 1489 2564 passend

369 2591 441 2671 ,fur
464 2590 524 2656 den
549 2590 839 2676 Zusammeuhang.
865 2590 927 2654 Als
952 2592 1021 2670 οὐχὶ
1042 2592 1161 2671 σώφρων
1174 2591 1360 2655 bezeichnet
1371 2590 1489 2655 Lichas

368 2705 529 2787 ,offenbar
562 2705 620 2771 den
658 2705 770 2788 Boten,
806 2705 918 2769 dessen
949 2705 1154 2791 Entfernung
1177 2727 1212 2770 er
1235 2707 1390 2792 verlangt,
1415 2706 1489 2770 weil

367 2819 491 2900 „dieser
513 2828 602 2900 λνρεῑ,
626 2819 692 2883 und
716 2821 812 2884 somit
835 2828 934 2885 etwas
957 2819 1039 2902 thut,
1065 2842 1129 2886 was
1148 2823 1253 2885 einem
1265 2820 1386 2900 σώφρων
1398 2819 1489 2883 nicht

368 2935 493 3015 „niemt
519 2932 684 2998 Hieruaoh
707 2940 867 2999 vermutet
890 2933 935 2998 M.
957 2933 1118 2998 Schmidt:

541 3063 595 3133 „ri
618 3063 675 3139 γαρ
699 3068 794 3139 ληρεῖν
817 3066 962 3132 νοσοῦντος
987 3061 1095 3142 οὶνῦρός,
1120 3062 1189 3140 οὐχὶ
1213 3062 1388 3140 caidocum.⁹

407 3186 454 3250 Ut
488 3208 593 3252 meam
627 3189 817 3252 sententiam
849 3210 1048 3274 expromam,
1073 3210 1181 3254 rerum
1204 3196 1373 3253 contextus
1397 3188 1486 3274 repe·v

363 3301 478 3365 tendus
514 3308 562 3365 est
596 3301 670 3365 inde
705 3323 724 3365 a
757 3323 850 3366 versu
884 3303 1273 3389 293‚qui100usquum
1299 3303 1423 3388 longior
1444 3303 1487 3365 sit

365 3435 461 3502 quam
487 3416 544 3501 qui
567 3415 775 3498 describatur,
800 3438 908 3480 rernm
932 3417 1062 3502 fastigia
1086 3437 1271 3502 percensere
1294 3417 1440 3480 sufficiat.
1463 3426 1465 3429 '

407 3529 524 3594 Lichas
548 3529 588 3593 ab
612 3528 753 3594 Hercule
772 3529 902 3594 domum
924 3532 1118 3616 praemissus
1137 3530 1310 3595 Deianirae
1323 3530 1487 3595 nuntiavit

363 3644 514 3708 maritum
546 3644 670 3707 salvum
696 3666 764 3708 esse
786 3652 882 3730 atque
900 3645 997 3709 vbreui
1021 3652 1092 3732 post
1114 3645 1243 3709 domum
1269 3666 1484 3709 reversurum.

360 3756 514 3842 -Virgines
537 3758 659 3843 aliquot
682 3766 789 3845 captas
813 3781 922 3824 secum
946 3759 1052 3840 duxit,
1072 3781 1151 3845 quas
1171 3759 1249 3822 dum
1261 3759 1378 3844 aspicit
1388 3757 1484 3822 Deia-

361 3872 442 3954 nira,
465 3892 660 3957 quamquam
691 3871 843 3937 Herculis
867 3874 937 3938 vice
959 3873 1112 3959 gaudens,
1138 3872 1356 3937 misericordia
1380 3893 1483 3935 move·

360 3991 430 4070 tur,
466 3988 563 4050 unius
599 3986 736 4070 virginis
759 4007 835 4072 prae
858 3988 971 4052 ceteris
995 4008 1065 4052 eam
1089 3988 1229 4080 miseret,
1253 3987 1345 4050 cuius
1369 3985 1484 4050 deinde

361 4107 506 4187 parentes
528 4106 625 4186 atque
648 4101 804 4185 originem
829 4108 920 4186 rogat
941 4100 1087 4164 Licham.

360 4267 505 4276 ———.

394 4359 422 4422 i)
442 4359 532 4410 Studia
549 4361 651 4412 Critica
670 4360 892 4425 Verhandelingen
910 4363 956 4411 der
974 4363 1096 4412 Kouinkl.
1113 4364 1189 4413 Acad.
1209 4378 1256 4411 van
1268 4363 1483 4426 Wetensoh.,atd.

361 4452 475 4504 Letterk.
494 4452 547 4502 VII.
