3500 5375
902 709 943 772 52

621 894 710 975 όφελε
733 893 862 973 πρότερον
886 894 981 973 αόόόρα
1005 895 1056 958 δῦ-

621 1032 667 1071 ναν
691 1007 788 1085 μέγαν
812 1007 827 1079 ἢ
853 1010 901 1071 τόν
925 1007 1088 1071 πολύκοινον
1112 1004 1231 1072 Ἅιδαν.

394 1159 439 1223 Ut
468 1159 614 1223 celeritas
641 1158 835 1223 exhibeatur
860 1160 968 1244 plures
991 1180 1041 1223 res
1064 1180 1137 1222 cum
1163 1158 1267 1222 ventis
1291 1177 1475 1242 comparan-

349 1281 418 1355 tur3
454 1274 603 1336 novimus
636 1273 827 1336 locutionem
862 1272 1071 1336 Homericum
1106 1272 1179 1334 ἔπεα
1202 1273 1367 1350 πτερόεντα,
1392 1269 1477 1355 apud

349 1384 537 1471 Sophoclem
573 1384 725 1448 dicuntur
760 1383 907 1455 όελκοόδες
942 1386 1040 1462 φωναί
1069 1384 1183 1469 fragm.
1219 1385 1301 1466 6143
1322 1383 1361 1447 de
1385 1384 1478 1468 equis

349 1497 488 1583 legimus
522 1496 608 1583 apud
641 1496 819 1562 Homerum
852 1497 892 1561 Il.
925 1497 1004 1578 XII,
1032 1498 1094 1560 149
1128 1496 1196 1573 ἅμα
1219 1498 1250 1560 δὲ
1274 1498 1385 1574 πνονῇο’
1409 1498 1476 1560 ἕπε-

347 1610 460 1694 πέοόκν,
485 1610 634 1675 convenit
658 1609 871 1696 Sophocleum
896 1612 1042 1683 οὶεκνοόδες
1069 1610 1150 1675 ἵππον
1174 1609 1241 1675 00.
1255 1609 1478 1674 467.Αυοοάἰο

348 1722 487 1809 deniqne
518 1723 595 1787 Ant.
629 1724 692 1787 353
726 1723 848 1799 όνεμόεν
882 1725 1030 1804 φοόνκμα,
1056 1725 1140 1810 quod
1166 1725 1264 1787 variis
1288 1722 1390 1787 modis
1415 1724 1477 1794 viri

348 1836 432 1899 docti
468 1835 631 1921 explicare
665 1837 770 1900 conati
805 1844 890 1900 sunt.
924 1836 1135 1923 Cogitationis
1165 1837 1360 1901 celeritatem
1386 1842 1478 1922 poeta

349 1948 490 2018 indicare
525 1947 665 2014 voluisse
701 1947 829 2013 videtur
862 1957 894 2014 et
925 1949 1110 2015 facultatem
1143 1970 1207 2036 qua
1230 1956 1370 2013 mentem
1394 1950 1478 2014 inter

349 2061 554 2147 cogitandum
578 2062 619 2125 ad
643 2063 747 2126 varias
772 2084 820 2127 res
844 2065 1062 2128 convertimus
1077 2064 1111 2148 1).

393 2175 469 2239 Ant.
497 2176 563 2237 343
589 2176 773 2239 nominatur
796 2176 955 2257 κουφονόων
978 2182 1074 2256 φύλων
1099 2178 1214 2256 όρνόόων,
1238 2183 1270 2241 et
1294 2176 1478 2262 paulopost

348 2288 382 2350 in
414 2287 525 2353 eadem
559 2287 668 2353 fabula
698 2311 744 2353 vs.
776 2290 840 2351 616
865 2289 1026 2367 κουφονόων
1049 2290 1164 2366 ἐρύκων.
1191 2288 1262 2353 Ηοο
1285 2290 1385 2353 altero
1409 2288 1476 2351 loco

348 2402 569 2487 metaphoram
612 2402 652 2467 ab
695 2403 810 2467 avibus
853 2402 1058 2488 repetendam
1093 2424 1172 2483 esse,
1208 2403 1395 2467 verisimilis
1429 2408 1477 2466 est

349 2514 474 2601 Hoppii
497 2515 615 2601 opinio,
640 2516 828 2601 praesertim
852 2537 927 2579 cum
949 2536 1090 2580 amorem
1115 2516 1302 2601 saepissime
1326 2515 1433 2579 verbis
1456 2535 1476 2577 a

348 2629 457 2694 volatu
481 2628 590 2715 petitis
614 2628 811 2712 illustratum
836 2628 1013 2712 videamus,
1035 2630 1114 2716 quin
1135 2629 1203 2715 ipse
1223 2626 1349 2714 Oupido
1371 2628 1474 2692 alatus

350 2741 500 2827 fingatur.

392 2854 602 2942 Adjectivum
635 2859 741 2936 κοῦφος
774 2877 869 2943 saepe
896 2856 1068 2921 celeritatis
1092 2861 1124 2920 et
1147 2855 1288 2920 levitatis
1312 2855 1473 2919 notionem

346 2970 524 3034 sententiae
556 2969 654 3051 addit,
687 2968 789 3036 veluti
815 2971 849 3034 in
873 2969 1013 3035 custodis
1037 2969 1217 3033 narratione
1241 2970 1274 3032 in
1300 2968 1473 3054 Antigone.

348 3082 615 3170 Quandoquidem
640 3084 744 3147 malus
768 3085 902 3148 nuntius
927 3085 957 3148 ei
982 3083 1189 3170 perferendus
1208 3089 1275 3147 erat
1293 3082 1350 3146 diu
1370 3081 1474 3145 haesi·

345 3203 479 3280 taverat,
510 3203 606 3283 atque
642 3217 816 3283 poenarum
852 3204 940 3262 metu
972 3196 1146 3282 impeditus
1177 3201 1364 3260 cunctanter
1388 3195 1473 3259 viam

346 3307 473 3392 fecerat,
498 3316 534 3373 ut
559 3309 628 3394 ipse
652 3316 760 3373 narrat
784 3331 830 3373 vs.
855 3310 939 3373 223:

568 3454 656 3532 όόναξ,
680 3460 730 3538 ἐρῶ
755 3459 810 3535 μὲν
834 3460 892 3538 ούχ
915 3457 991 3528 όπωο
1014 3458 1142 3530 σπουδῆς
1165 3456 1220 3522 ύπο

569 3569 712 3642 δύσπνους
735 3570 832 3644 ἱκοόνω,
857 3576 965 3652 κοῦφον
988 3568 1094 3650 ἐξοόοας
1118 3570 1196 3634 πόδα
1210 3571 1256 3655 ⁹).

348 3718 553 3786 Conveniunt
576 3717 631 3782 Αἰ.
659 3720 742 3782 1287
767 3718 855 3796 όόλμα
880 3724 1026 3801 κυυφοεῖν;
1052 3719 1095 3782 ib.
1122 3720 1183 3781 126
1205 3717 1346 3792 εἴδωλαῆ
1361 3717 1473 3798 κούφην

346 3832 439 3897 οκωόν.
465 3831 647 3897 Lenitatem
671 3832 774 3900 animi
792 3833 951 3919 juvenilis
974 3837 1117 3919 spectant
1140 3830 1207 3896 00.
1235 3832 1339 3896 1230:
1358 3833 1391 3928 τό
1414 3831 1472 3895 νέον

352 3989 496 3998 ----

379 4069 406 4132 l)
425 4069 463 4119 Cl.
481 4068 580 4120 Nauck.
597 4069 628 4118 ad
646 4069 717 4119 hunc
734 4070 829 4130 locum,
845 4075 871 4119 et
891 4069 985 4134 lloppe,
1001 4069 1036 4118 ib.
1053 4083 1110 4133 pag.
1127 4066 1168 4120 20.

379 4161 407 4225 2)
425 4161 464 4210 Ad
490 4161 620 4210 notionem
648 4175 728 4223 quam
753 4162 888 4211 continent
912 4161 988 4210 verba
1015 4163 1102 4220 κοῦφον
1128 4156 1212 4223 ἐξάρας
1238 4157 1300 4206 πόδα
1329 4160 1360 4208 cl.
1378 4158 1472 4223 Vergil.

345 4253 434 4317 Georg.
452 4251 499 4315 Ill,
516 4250 579 4302 194:

735 4333 779 4381 per
796 4324 886 4382 aperta
904 4317 1001 4381 solans,
1017 4333 1064 4368 ceu
1082 4317 1146 4367 liber
1165 4317 1280 4378 habenis,

578 4423 690 4474 aequora
708 4409 749 4459 vix
767 4425 872 4460 summa
891 4411 996 4475 vestigia
1014 4416 1091 4474 ponat
1108 4423 1195 4458 arena.
