3500 5375
844 676 883 738 31

343 860 486 941 Verbum
512 862 626 947 σαίνειν,
650 862 734 948 quod
755 863 875 949 pariter
894 862 1021 949 proprie
1040 862 1079 927 de
1091 863 1224 928 canibus
1236 861 1365 947 dieitur,
1379 900 1419 910 -
1469 833 1472 837 Δ
1503 853 1505 861 ’

299 976 478 1056 προσσαίνειν
502 975 615 1061 fragm.
640 976 704 1039 928
730 1016 783 1060 -‚
806 976 847 1040 ad
871 976 974 1063 pisees
994 977 1185 1043 transfertur
1203 976 1317 1081 fragm.
1340 977 1421 1041 700:

520 1117 605 1195 χορὸς
629 1115 655 1178 δ’
679 1114 811 1178 ύναύδων
835 1113 941 1193 ίχύύων
964 1114 1109 1195 ἕπερρύύει,

520 1228 664 1297 σαίνοντες
688 1227 817 1306 οὐραίοισι
840 1229 893 1299 τὴν
917 1227 1107 1303 κεκτημένων.

344 1366 606 1449 Notabilisusus
630 1363 773 1451 ejusdem
799 1363 889 1430 verbi
912 1372 960 1429 est
983 1365 1097 1451 fragm.
1123 1366 1205 1430 508:

678 1503 694 1574 ἡ
719 1504 745 1567 δ’
769 1502 813 1582 ἄρ’
838 1504 867 1567 ἕν
890 1509 983 1582 σκίσιρ
1006 1505 1137 1568 λαύοῦσοί
1160 1529 1199 1580 με

521 1615 610 1681 ἔσαιν’
635 1617 745 1698 Ἐρινύς
769 1618 887 1692 ἡδοναῖς
910 1618 1098 1695 ἐψευσμένον.

343 1756 507 1841 Antigone
530 1753 570 1818 de
592 1752 720 1819 Ismene
743 1775 839 1841 qnam
864 1755 976 1842 preeul
993 1757 1303 1843 appropinquantem
1320 1756 1422 1841 ridet,

299 1868 378 1935 dicit
413 1866 480 1933 00.
513 1868 596 1931 319:
620 1868 731 1947 φαιδροί
754 1873 822 1944 γοῦν
847 1870 902 1931 οίνι’
928 1867 1073 1944 ύμμοίσων
1097 1870 1186 1933 σαίνει
1210 1894 1250 1945 με
1273 1871 1421 1948 σροσσσεί-

298 2005 415 2062 χονσας
440 1981 480 2047 de
503 2002 580 2047 voce
599 1980 721 2045 dietum
740 1987 789 2045 est
800 1979 879 2045 Ant.
895 1983 997 2044 1214:
1011 1984 1113 2052 παιδός
1126 2007 1166 2058 με
1177 1984 1267 2047 σαίνει
1279 1983 1419 2061 Φύύγγος.

343 2095 468 2169 Canum
492 2097 625 2160 latratus
648 2096 677 2159 si
700 2094 740 2159 ad
766 2093 930 2161 hominem
948 2096 1148 2178 transfertur,
1167 2118 1330 2161 summurn
1350 2118 1423 2162 eon·
1528 2160 1533 2171 ,

298 2218 457 2299 temptum
491 2209 630 2292 indieat3
666 2209 767 2274 veluti
801 2209 835 2272 in
866 2209 961 2296 longe
990 2231 1144 2295 sermone,
1169 2232 1232 2297 qne
1255 2210 1424 2276 Eleetrea

299 2332 401 2391 matre
427 2326 597 2391 eommissa
620 2310 739 2389 seelera
762 2331 939 2407 enumeret,
964 2331 995 2389 et
1019 2324 1076 2389 ubi
1099 2332 1207 2398 narrat
1230 2347 1326 2412 quam
1349 2347 1422 2391 eon-
1503 2304 1506 2310 ⁵

299 2440 470 2505 tumeliosa
501 2440 599 2505 verba
626 2440 658 2501 in
684 2438 785 2502 filiam
810 2446 970 2525 congeret,
994 2441 1023 2503 si
1045 2439 1126 2504 forte
1149 2461 1309 2505 rumorem
1332 2439 1423 2504 andi-

299 2555 383 2619 verit
406 2561 578 2619 venturum
605 2574 673 2618 esse
696 2552 861 2617 Orestam:
885 2552 936 2616 El.
962 2554 1025 2616 299
1050 2555 1156 2618 τοιαῦθ’
1183 2556 1314 2620 ὑλακτεῖ.

345 2668 421 2733 Alio
444 2689 538 2734 sensu
563 2667 682 2752 legitur
704 2666 818 2754 fragm.
844 2667 903 2731 58:

522 2807 579 2886 βοᾷ
603 2807 657 2876 τίς·
682 2801 702 2868 ύ
726 2805 851 2869 οίαούεσ’·
876 2804 893 2878 ἢ
918 2805 1017 2880 μύσαν
1042 2806 1177 2877 ύλακσῶς
1436 2767 1455 3044 Ι

522 2917 645 2982 ίίπανσα
668 2920 726 2996 νύρ
749 2943 790 2981 σοι
814 2922 853 2996 τῷ
878 2919 1054 2998 φοβουμένῳ
1077 2926 1181 2996 ψοφεῖ.

299 3058 356 3122 ubi
387 3056 507 3122 dietum
541 3077 609 3121 esse
643 3055 771 3122 videtur
801 3055 840 3121 de
862 3056 971 3143 aliquo
995 3055 1087 3121 valde
1110 3057 1218 3140 anxio,
1242 3058 1334 3122 euius
1358 3079 1422 3124 vox

299 3178 387 3236 metu
411 3169 542 3235 efferata
565 3170 624 3234 rix
647 3168 810 3235 hominem
834 3176 933 3235 sonat.

343 3283 451 3347 Etiam
475 3283 571 3347 >utrm
596 3290 628 3348 et
652 3287 774 3368 λυσσᾶν,
798 3281 837 3348 de
861 3284 995 3349 eanibus
1017 3285 1144 3371 proprie
1162 3282 1248 3349 dieta
1262 3288 1294 3368 ¹),
1314 3285 1424 3350 erebro
1503 3281 1506 3285 ’
1533 3277 1535 3281 ’

298 3395 338 3460 ad
362 3396 528 3460 hominum
557 3396 715 3460 insaniam
740 3396 994 3480 transferuntur3
1018 3396 1137 3483 quibus
1161 3397 1283 3463 aceedit
1302 3399 1423 3461 λυσσαί-

208 3547 210 3552 ·
298 3534 369 3574 νεινε
395 3511 471 3574 Ant.
497 3511 561 3574 633
586 3511 673 3587 πατρί
697 3514 857 3575 λυσσαίνων
881 3512 981 3589 σύρας
1003 3511 1042 3575 ef.
1063 3513 1161 3574 λύσσα
1182 3511 1293 3584 ροαινοίς
1307 3511 1422 3597 fragm.

300 3624 374 3706 678,
399 3624 419 3685 4
443 3631 475 3688 et
500 3624 631 3696 λυσσώδη
656 3624 733 3688 νύσον
757 3624 812 3687 Ai.
840 3625 916 3689 452.

331 4228 359 4296 1)
382 4230 418 4280 cf.
442 4229 508 4279 Ptin.
527 4227 585 4278 Nat.
604 4227 897 4293 flisr.xu1X,3a:est
916 4231 1074 4281 vermiculus
1098 4232 1126 4280 in
1144 4233 1232 4297 lingua
1250 4248 1354 4292 eanum,
1376 4236 1422 4298 qui
1470 4245 1504 4281 re

299 4326 405 4371 voratur
431 4335 446 4370 a
471 4321 574 4372 Graecis
599 4321 672 4387 lytta,
695 4334 747 4384 qno
771 4327 891 4384 exempto
907 4322 1053 4372 infantibus
1068 4323 1161 4372 astulis
1181 4338 1228 4374 nee
1245 4324 1327 4375 rabidi
1346 4324 1424 4389 fiunt,

298 4427 346 4464 nec
362 4412 496 4463 fastidium
515 4413 640 4463 sentiunt.
