3500 5375
349 1819 438 1884 Inter
472 1826 580 1905 poetas
612 1818 758 1903 tragicos,
790 1818 847 1903 qui
879 1819 955 1908 olim
988 1819 1127 1884 Athenis
1151 1820 1338 1903 floruerunt,
1363 1821 1426 1905 pri-

305 1956 392 1999 mum
437 1934 541 1998 locum
584 1933 762 1997 obtinuisse
796 1930 984 2018 Sophoclem
1019 1934 1096 1997 satis
1131 1941 1242 1998 notum
1277 1942 1334 2017 est,
1369 1934 1428 2020 qui
1482 1998 1486 2004 .

303 2058 499 2134 quantopere
529 2048 661 2133 gavisus
687 2048 729 2109 sit
753 2046 860 2110 lavore
885 2047 1006 2110 civium
1032 2068 1106 2111 cum
1129 2048 1259 2113 aliunde
1280 2049 1427 2134 cognosci

304 2170 416 2247 potest,
441 2169 510 2225 tum
535 2182 577 2224 ex
602 2161 652 2242 iis,
678 2182 760 2246 quae
784 2160 982 2246 biographus
1006 2168 1130 2225 narrat:
1154 2162 1272 2225 mansit
1296 2163 1350 2225 ὑπὸ
1370 2168 1427 2224 τῶν

302 2281 435 2353 κωμικῶν
459 2274 584 2347 ύδνκπος
599 2324 605 2337 .
620 2324 626 2337 .
641 2322 670 2346 ,.
696 2281 751 2337 πῶν
776 2275 840 2339 οὐδὲ
865 2274 1098 2353 Θεμιστοκλέους
1119 2276 1348 2355 ύπεσχιρμένων.

345 2386 456 2467 Ἴστρος
490 2388 520 2452 δέ
555 2393 645 2459 caco
677 2389 846 2461 Ἀύκνοιέονς
878 2389 927 2453 δύο
958 2390 1011 2462 τὴν
1042 2394 1092 2455 πού
1125 2390 1224 2469 ἀνδρὸς
1248 2390 1351 2469 οὶρετίρν
1376 2390 1425 2453 aci

303 2502 451 2581 φύφισμοι
476 2502 661 2573 πεποιηκέναι
687 2504 754 2565 κοτ’
779 2502 841 2574 έπος
865 2505 944 2583 κύπῷ
969 2504 1050 2571 ύύειν.

347 2614 555 2702 Sophocleam
579 2617 750 2702 praecipue
775 2616 902 2680 Musam
927 2616 1059 2682 Graecis
1080 2617 1238 2704 placuisse
1257 2624 1425 2704 apparete

301 2732 508 2795 victoriarum
542 2752 676 2795 numero
711 2752 790 2817 quas
825 2733 858 2795 in
891 2732 1072 2798 fabularum
1096 2733 1296 2797 contentione
1319 2754 1425 2818 repor-

301 2845 398 2910 tavit:
430 2845 511 2916 νίκοις
543 2844 570 2907 δ’
602 2843 711 2919 έλκβεν
735 2843 846 2918 εἴκοσιν,
872 2844 908 2915 ὥς
933 2854 1007 2924 φησι
1031 2846 1200 2924 Κοιρύσπιος,
1225 2844 1370 2917 πολλούκις
1394 2846 1424 2910 δὲ

301 2958 353 3022 acl
366 2958 522 3050 Ιδειισερεῖκ
546 2955 649 3032 έλοιβεῃ
673 2959 756 3036 πρέποι
781 2958 807 3022 δ’
832 2959 1031 3033 ούδεπύποσες
1050 2958 1234 3045 Aeschylus
1253 2959 1425 3024 terdecies

302 3072 403 3136 victor
426 3071 498 3153 fuit,
523 3070 695 3157 Euripides
718 3077 825 3135 autem
850 3071 1023 3157 quinquies
1039 3073 1071 3150 ¹).

345 3185 428 3251 Prae
458 3186 571 3250 ceteris
605 3185 674 3249 sine
705 3184 803 3248 dubio
836 3205 900 3248 una
931 3206 981 3249 res
1004 3205 1023 3248 a
1045 3185 1222 3272 biographo
1246 3187 1345 3252 relata
1367 3184 1423 3250 So·

300 3299 406 3386 phocli
441 3299 582 3364 favorem
619 3299 741 3362 civium
776 3299 918 3385 peperit:
954 3301 987 3362 πὸ
1017 3301 1071 3375 μὲν
1102 3294 1149 3364 οὖν
1172 3303 1234 3363 πῖον
1257 3301 1423 3380 Ὁμηρικῶς

300 3413 442 3494 ὠνόμαζε·
475 3414 540 3484 σούς
573 3438 605 3476 σε
631 3413 689 3493 γὰρ
713 3413 818 3490 μύύονς
843 3413 923 3494 Φέρει
947 3415 1014 3478 κατ’
1039 3412 1121 3492 ἴχνος
1144 3419 1194 3476 τοῦ
1218 3420 1345 3486 ποικπού,
1371 3414 1422 3477 κού

299 3527 351 3598 σέιν
392 3527 567 3592 Ὀδύσσειαν
608 3527 633 3590 δ’
679 3527 708 3588 έν
742 3535 862 3596 πολλοῖς
899 3528 1045 3603 δρύμκσιν
1079 3524 1308 3606 ύπογρύφεσοιις
1343 3526 1422 3590 adeo

299 3642 487 3727 aequalibus
519 3641 587 3705 suis
617 3640 747 3725 placuit,
768 3646 804 3702 ut
828 3660 1001 3724 cognomen
1025 3639 1087 3702 sibi
1114 3639 1290 3704 inveniret:
1315 3663 1421 3729 προσκ-Ι

299 3755 413 3836 ρορεύύν
439 3755 469 3818 δὲ
494 3755 623 3831 μέλισποι
647 3755 695 3817 διὰ
717 3755 750 3818 πὸ
774 3755 878 3831 γλυκύ.

344 3867 525 3954 Singularis
559 3890 634 3933 vero
668 3867 770 3953 gloria
803 3874 851 3931 est
886 3869 915 3931 si
946 3875 1066 3953 poetae,
1097 3869 1154 3954 qui
1185 3867 1262 3931 olim
1284 3870 1420 3949 summis

298 3983 448 4048 laudibus
483 3983 586 4047 elatus
610 3982 682 4062 fuit,
707 3981 863 4067 contingit
887 3990 923 4044 ut
945 3988 1015 4066 post
1038 3987 1083 4045 tot
1106 3981 1233 4045 saecula
1255 3983 1326 4067 ejus
1349 4003 1422 4067 poe-

299 4105 384 4162 mata
418 4118 480 4161 non
515 4102 638 4160 tautum
671 4117 734 4160 non
765 4095 927 4159 oblivione
951 4095 1064 4159 obruta
1082 4097 1221 4181 jaceant,
1244 4095 1299 4160 sod
1323 4097 1420 4160 etiam

331 4357 358 4422 1)
386 4358 464 4408 Plura
489 4358 600 4408 contulit
630 4358 656 4408 F.
682 4358 712 4408 G.
738 4357 867 4408 Schmidt:
894 4357 926 4407 de
951 4357 1069 4406 ubertate
1094 4357 1213 4406 dictionis
1230 4355 1383 4419 Sophocleae
1402 4357 1421 4421 1,

298 4465 353 4516 pag.
370 4447 451 4512 3sqq.
466 4448 502 4498 Cf.
520 4449 583 4498 Lud.
602 4448 709 4499 Struve:
727 4449 756 4498 de
775 4449 887 4498 dictione
903 4446 1034 4511 Sophoclis
1052 4462 1107 4510 pag.
1125 4446 1207 4512 5sqq.

1305 4538 1317 4588 1
