3500 5375
839 725 899 787 131

301 907 342 973 of.
366 907 421 973 Αἰ.
460 909 564 973 1047;
601 911 649 974 τὸν
684 910 775 987 νεκρὸν
809 918 904 990 χεροῖν
935 910 979 987 μὴ
1009 910 1207 993 συγκομίζειν,
1247 909 1313 976 00.
1339 914 1422 978 470:

302 1022 467 1101 zado...
492 1023 526 1086 δι’
548 1024 628 1087 ὁσίων
652 1029 754 1103 χειρῶν
779 1025 872 1101 θιγών.
900 1024 949 1090 ΕΙ.
974 1025 1049 1088 326.
1074 1023 1152 1088 Ant.
1177 1027 1230 1089 43.

346 1134 421 1201 Jam
451 1135 622 1201 dicendum
653 1144 701 1201 est
724 1137 763 1201 de
786 1137 912 1203 duabus
935 1138 1234 1222 significationibus,
1259 1159 1339 1225 quas
1361 1139 1425 1203 sibi

302 1250 471 1316 observare
495 1252 585 1315 visus
608 1257 657 1316 cst
681 1252 732 1315 vir
753 1250 863 1316 doctus
888 1249 1097 1317 Schmidtius.
1235 1339 1239 1347 .

347 1362 414 1429 Ubi
448 1365 561 1429 utilem
592 1386 684 1428 suam
715 1365 964 1451 disputationem
989 1365 1167 1448 exorditur,
1190 1366 1335 1430 omnium
1360 1367 1425 1452 pri·

304 1498 393 1540 mum
430 1499 538 1543 vooem
573 1479 637 1559 χείρ
668 1479 766 1565 jungi
800 1478 879 1543 dicit
910 1500 983 1543 anm
1007 1479 1123 1558 verbis,
1149 1482 1182 1542 in
1206 1480 1325 1566 quibus
1349 1480 1427 1544 insit

302 1592 389 1657 notio
412 1591 567 1677 agilitatis
594 1614 676 1679 „quo
700 1593 737 1669 fit
759 1600 795 1656 ut
818 1593 899 1671 eius,
923 1614 1006 1679 quae
1029 1592 1237 1675 describatur,
1259 1594 1307 1658 rei
1319 1595 1426 1679 imago

302 1712 506 1791 proponatur,
541 1726 623 1791 quae
660 1706 750 1771 velut
783 1706 816 1769 in
849 1727 917 1770 rem
949 1712 1147 1791 praesentem
1172 1706 1345 1793 perducere
1369 1728 1424 1772 nos

302 1818 470 1883 rideatur”
486 1821 521 1905 ¹).

347 1931 506 2018 Exempla
535 1931 628 1998 affert
658 1933 713 1996 Αἱ.
747 1933 850 1997 1404:
875 1935 972 2005 asiana
994 1933 1122 1998 κσέτετον
1145 1935 1229 2015 χερσὶ
1253 1935 1424 2014 τοοχύννοτε;

302 2046 420 2111 rectius
454 2051 561 2111 tamen
596 2046 701 2110 locum
737 2046 784 2110 eis
818 2046 983 2129 adscribis,
1008 2067 1087 2132 quos
1110 2046 1239 2133 pietatis
1261 2048 1423 2113 notionem

302 2160 464 2225 continere
487 2159 650 2244 vidimus3
675 2166 706 2225 et
729 2158 796 2224 OG.
821 2162 904 2224 lli:
928 2161 949 2223 σὶ
972 2160 998 2224 δ’
1023 2161 1177 2240 εὐήρετμος
1201 2160 1332 2240 ἔκπαγλ’
1353 2163 1426 2227 aiala

302 2272 386 2353 χερσὶ
410 2273 626 2353 τορνονστσμένοι
649 2273 756 2338 alaim
780 2274 905 2357 lpoloaa,
928 2273 968 2338 de
990 2296 1053 2360 quo
1071 2275 1140 2340 looo
1159 2275 1300 2339 dubitari
1313 2282 1425 2361 potest.

303 2384 340 2450 Si
373 2388 458 2451 enim
482 2392 555 2453 oum
580 2386 729 2452 Nauokio
752 2388 897 2474 explicas
923 2389 1176 2470 »ταραττομένοις
1201 2389 1262 2454 den
1286 2390 1424 2455 Hiinden
1522 2456 1525 2459 ⁴

306 2500 393 2582 „sich
416 2501 588 2587 anfiigend,
617 2524 673 2567 ron
695 2501 903 2586 repriorarem,
924 2502 997 2567 Toil
1016 2502 1071 2567 des
1090 2501 1263 2567 Pradikats
1276 2504 1423 2587 sparse?

303 2635 418 2681 nomen
449 2617 512 2697 χείρ
543 2637 672 2703 prorsus
695 2616 787 2681 solito
810 2638 906 2681 sensu
929 2616 1048 2681 dietum
1074 2624 1132 2701 ast,
1156 2617 1246 2681 nulla
1269 2619 1425 2705 peculiari

303 2731 431 2795 notione
454 2731 614 2818 subjecta3
635 2731 675 2796 of.
696 2729 762 2795 00.
786 2733 866 2795 1651
881 2754 889 2796 τ
902 2732 1027 2797 ἐπίσκιον
1039 2733 1115 2812 χεῖρ’
1129 2733 1297 2813 ἀντέχονται
1309 2733 1422 2812 κρσοτός.

347 2844 473 2910 Deinde
510 2845 631 2909 auxilii
663 2846 825 2910 notionem
860 2845 1092 2930 agnoscendam
1128 2868 1196 2911 esse
1231 2848 1282 2912 vir
1314 2846 1425 2912 doetus

302 2959 400 3023 sentit
433 2957 488 3022 Αἰ.
528 2959 631 3023 1384:
667 2961 752 3037 μόνος
788 2959 935 3039 παρέστης
958 2961 1057 3039 χερσίν
1082 2967 1114 3025 et
1136 2958 1204 3024 00.
1232 2963 1333 3025 1103;
1358 2960 1426 3026 οἵδε

303 3071 359 3151 γὰρ
394 3073 478 3152 χέρες
510 3072 628 3145 Θησέως
651 3069 769 3136 ἔσωσαν.
796 3071 878 3137 Rem
899 3094 962 3137 non
986 3092 1102 3157 arguo,
1127 3074 1160 3136 in
1184 3074 1344 3160 exemplis
1367 3075 1424 3138 eli·

302 3184 415 3271 gendis
450 3183 648 3249 Schmidtius
682 3191 788 3250 tamen
822 3188 931 3250 minus
961 3186 1043 3251 felix
1072 3185 1145 3251 fuit.
1170 3185 1316 3252 Priorem
1339 3189 1426 3252 enim

303 3300 408 3366 locum
438 3300 556 3364 referre
580 3299 691 3364 malim
715 3299 759 3364 ad·
778 3321 831 3364 eos
855 3300 913 3366 ubi
936 3301 1096 3386 potentiae
1118 3302 1206 3366 notio
1228 3302 1426 3386 agnoscenda

304 3422 373 3499 est;
398 3413 564 3481 Menelaus
583 3435 700 3500 nempe
723 3436 768 3478 vs.
796 3414 878 3477 1067
906 3414 1046 3478 minatus
1069 3422 1133 3478 est:

481 3579 504 3641 εἰ
526 3577 586 3657 γὰρ
608 3578 769 3653 βλέποντος
793 3577 837 3655 μὴ
861 3578 1036 3656 ἐδυνήθημεν
1059 3585 1186 3658 κροτεῖν,

482 3691 599 3763 τνὲντονς
624 3692 754 3762 θρονὸντοο
778 3692 808 3769 γ’
835 3689 970 3771 ἄρξομεν,
995 3689 1050 3756 κᾶν
1073 3692 1116 3770 μὴ
1138 3693 1231 3773 θέλρσ,

482 3804 584 3885 χερσὶν
607 3804 836 3886 τορενθύνοντες,

212 4051 213 4055 ¹
304 3971 388 4057 quod
412 3973 482 4057 ipse
505 3968 703 4035 Schmidtius
727 3971 839 4035 vertit:
867 3971 1023 4056 „imperio
1046 3976 1143 4056 atque
1163 3970 1196 4034 vi
1215 3969 1425 4034 coercentes.”

305 4085 413 4172 Ipsius
438 4084 556 4150 Teucri
579 4087 775 4150 voluntatem
800 4084 936 4149 Atridae
959 4084 1055 4148 nihili
1080 4084 1248 4163 faciebant,
1268 4083 1389 4169 quippe
1408 4104 1426 4146 a

305 4220 368 4284 quo
391 4199 564 4285 imperium
590 4220 719 4284 prorsus
738 4198 967 4284 abjudicarent.
982 4196 1135 4261 Attamen
1148 4195 1286 4282 Ulyssis,
1299 4196 1427 4260 etiamsi

310 4370 450 4380 ————.-

337 4458 366 4524 1)
383 4461 418 4511 lb.
435 4462 455 4524 l,
473 4476 529 4526 pag.
546 4459 587 4511 10.
625 4518 627 4522 ‚
