3500 5375
907 688 948 750 76

359 872 413 940 sed
438 882 473 937 ut
496 874 604 936 omnia
627 880 711 938 recte
735 873 970 959 perspiciantur
992 896 1042 938 res
1066 875 1157 959 parvi
1178 874 1323 938 facienda
1343 896 1405 937 non
1426 880 1483 937 est.

359 987 518 1074 Equidem
555 988 660 1073 potius
693 988 832 1051 dixerim
865 1008 928 1051 non
961 990 1026 1051 vim
1060 989 1309 1074 metaphoricam
1334 988 1511 1144 plurimisq

358 1101 436 1165 loeis
471 1103 649 1182 evanuisse,
685 1102 776 1186 atqui
807 1099 996 1186 Sophoclem
1028 1101 1104 1165 locis
1128 1102 1194 1164 illis
1217 1100 1257 1165 de
1280 1122 1314 1165 re
1333 1100 1507 1187 judiciali,

358 1235 399 1279 ue
432 1215 586 1299 cogitasse
618 1214 759 1300 quidem,
791 1222 822 1279 et
855 1215 951 1279 verba
975 1216 1077 1299 magis
1098 1216 1226 1300 propria
1249 1195 1505 1341 significationcq'

359 1326 556 1392 adhibuisse.

403 1438 527 1505 Verum
551 1460 627 1505 sane
649 1448 698 1504 est
720 1462 802 1526 quae
826 1441 1029 1505 enumeravit
1047 1440 1214 1506 Lueckius
1235 1442 1332 1505 verba
1351 1442 1384 1504 in
1395 1441 1484 1527 judi-

359 1555 418 1618 ciis
442 1554 560 1618 usitata
581 1576 660 1637 esse,
684 1561 824 1619 attamen
844 1575 944 1641 quum
962 1554 1087 1640 judicia
1107 1557 1352 1620 instituerentur
1363 1576 1484 1620 coram·

358 1690 421 1754 que
440 1668 606 1754 judicibus
630 1690 743 1733 causae
767 1675 949 1752 agerentur,
970 1669 1090 1733 sensim
1112 1670 1333 1755 paulatimque
1354 1670 1484 1733 nomina

358 1802 376 1845 e
399 1781 559 1845 cotidiana
583 1783 649 1845 vita
672 1781 859 1867 deprompta
885 1803 922 1846 eo
945 1780 1030 1844 trahi
1053 1789 1165 1867 caepta
1184 1789 1275 1847 sunt:
1299 1788 1380 1845 νικᾶν
1399 1789 1484 1846 certe

358 1894 477 1959 dicitur
504 1896 568 1977 ille,
593 1898 649 1981 qui
673 1916 801 1959 causam
826 1896 958 1976 obtinet,
983 1900 1016 1958 at
1039 1895 1096 1958 diu
1120 1902 1193 1958 ante
1217 1895 1301 1958 nihil
1324 1895 1486 1981 signifiea-

358 2009 413 2072 bat
444 2008 508 2072 nisi
539 2008 758 2072 adversarium
784 2015 993 2094 prosternere,
1017 2007 1132 2073 deinde
1155 2008 1188 2072 in
1212 2030 1307 2072 usum
1333 2010 1422 2074 venit
1445 2009 1485 2074 de

358 2145 395 2187 eo
418 2124 476 2209 qui
499 2123 533 2185 in
557 2123 700 2209 qualibet
724 2144 758 2187 re
782 2124 900 2187 rivales
923 2123 1112 2208 superabat3
1138 2124 1318 2202 ἀποφεύγειν
1334 2122 1391 2186 diu
1411 2131 1485 2188 ante

358 2236 480 2301 hostem
509 2236 592 2300 feras
616 2243 748 2300 mortem
773 2236 917 2321 effugere
939 2236 1102 2301 indicabat
1123 2258 1221 2323 quam
1240 2236 1389 2323 judicum
1413 2259 1484 2302 sen-

359 2349 469 2413 tentiis
492 2349 626 2414 absolvi.

402 2463 482 2527 Fuit
519 2463 648 2549 quidem
685 2464 921 2549 antiquissimis
956 2464 1155 2549 temporibus
1185 2466 1254 2550 jam
1289 2465 1363 2536 δίκη,
1399 2485 1482 2550 quae

358 2578 457 2643 variis
479 2578 513 2640 iu
538 2578 633 2642 rebus
656 2577 886 2643 consuetudine
910 2578 1050 2664 vigebat,
1074 2584 1106 2641 et
1128 2599 1210 2663 quae
1229 2578 1341 2643 divina
1358 2579 1483 2664 origine

357 2700 425 2758 orta
456 2693 650 2777 sempiterna
677 2715 746 2757 esse
769 2692 945 2775 dicebatur,
970 2692 1106 2778 ideoque
1129 2692 1239 2757 sedulo
1263 2693 1426 2758 colebatur
1440 2695 1482 2777 ¹);

358 2806 410 2872 vel
444 2808 514 2892 ipsa
549 2814 617 2871 erat
651 2805 711 2872 dea
747 2807 821 2879 Alsa
836 2807 871 2891 2).
904 2806 1003 2892 Apud
1035 2809 1153 2894 priscos
1184 2806 1332 2887 Graecos,
1357 2814 1393 2871 ut
1424 2806 1483 2872 hoc

358 2921 507 3007 exemplo
539 2927 687 3004 utamur,
702 2920 832 3005 vigebat
851 2922 909 3006 jus
931 2919 1075 3006 hospitii,
1098 2920 1183 3007 quod
1206 2942 1281 2985 cum
1304 2922 1392 3007 proci
1416 2920 1482 2984 vic·

357 3035 475 3098 lassent
498 3036 560 3098 οὐδὲ
584 3036 684 3099 δίκαιοι
709 3034 862 3099 dicuntur
886 3037 919 3097 in
943 3034 1088 3121 Odyssea
1111 3033 1170 3119 (II,
1195 3035 1284 3117 282).

401 3146 521 3212 Elodem
554 3148 646 3212 modo
674 3170 737 3234 quo
761 3155 850 3220 νικᾶν,
875 3148 1006 3226 φεύγειν,
1031 3149 1106 3232 δίκη,
1130 3149 1255 3234 reliqua
1278 3149 1375 3213 verba
1399 3169 1481 3234 quae
1548 3156 1554 3168 ’

357 3261 397 3325 ad
430 3283 497 3326 rem
530 3261 719 3347 judicialem
755 3261 925 3346 pertinent,
958 3267 1078 3325 mutata
1108 3261 1342 3346 significatione
1366 3282 1481 3326 novam

357 3380 503 3437 naturam
536 3373 720 3456 induerunt,
744 3381 912 3460 postquam
945 3395 982 3438 eo
1006 3381 1105 3438 tracta
1128 3373 1268 3438 fuerunt.
1292 3373 1399 3458 Igitur
1423 3375 1481 3439 hoc

356 3507 466 3571 arguo,
493 3488 589 3551 verba
612 3508 755 3573 eaquae
780 3488 813 3549 in
833 3487 969 3572 judiciis
993 3508 1053 3551 usu
1078 3487 1155 3550 trita
1177 3488 1252 3568 sint,
1268 3489 1336 3572 jam
1357 3488 1481 3574 aliqua·

356 3607 449 3664 tenus
484 3601 530 3663 sio
564 3601 712 3666 adhiberi
747 3622 804 3686 per
835 3600 1072 3686 metaphoram,
1104 3601 1154 3664 sin
1185 3608 1294 3666 autem
1326 3622 1345 3664 a
1376 3603 1481 3667 causis

356 3714 498 3780 dicendis
533 3715 637 3780 denuo
668 3717 775 3799 imago
805 3714 1014 3800 depromitur,
1046 3714 1079 3777 id
1110 3714 1354 3780 translationum
1378 3737 1481 3800 genus

355 3831 458 3894 oritur
490 3828 574 3914 quod
609 3827 874 3910 „secundarium”
907 3829 1086 3892 nominavit
1116 3827 1290 3910 Luechius,
1323 3836 1355 3893 et
1388 3831 1480 3895 cuius

355 3943 542 4029 exemplum
567 3963 664 4027 supra
687 3941 829 4006 vidimus
853 3943 888 4004 in
912 3942 1008 4006 verbo
1032 3941 1167 4019 νέμεσθαι
1190 3941 1240 4008 ul.
1268 3944 1352 4006 1385
1368 3945 1404 4027 8).

389 4228 416 4290 1>
434 4230 471 4279 Cl.
490 4231 550 4279 Ant.
567 4229 709 4281 450-457.

388 4321 416 4374 ‘ll
433 4321 471 4370 Cf.
490 4321 539 4371 OC.
557 4320 631 4372 1381.
650 4324 710 4371 Aul.
728 4321 785 4371 854.

405 4375 409 4384 ι

388 4411 416 4476 3)
436 4412 494 4476 Peg.
512 4410 551 4462 35.
570 4413 606 4461 Cl.
626 4414 719 4463 Lueck.
741 4414 773 4478 Il,
792 4429 846 4478 pag.
864 4413 888 4462 5.
