3500 5375
853 725 895 785 43

550 909 611 985 ἥσει
634 910 783 992 δύσμορος,
808 912 879 974 πόλλ’
904 908 1051 985 όξντόνονς
1076 908 1131 987 μὲν
1155 908 1231 987 ᾠδὰς

551 1028 687 1106 όρνρννόσει,
712 1024 909 1105 χεροπλοὶκτοι
932 1023 958 1089 δ’

550 1141 579 1203 ἐν
604 1139 739 1219 στέρνοισι
763 1144 920 1203 πεσοῦνται

550 1256 647 1319 δοῦποι
670 1254 721 1318 καὶ
745 1256 850 1324 πολιός
875 1257 1013 1330 όρινγρια
1036 1251 1159 1332 χαίτας.

351 1430 422 1494 Ηοο
455 1430 523 1495 looo
558 1429 708 1494 doeemur
731 1425 878 1501 όξυτόνονς
902 1427 978 1508 ᾠδός
1002 1428 1140 1492 elamore
1163 1426 1221 1510 qui
1245 1423 1352 1488 subito
1377 1445 1431 1488 ve·

306 1544 449 1610 hementi
478 1543 586 1609 dolore
607 1543 782 1625 offioiatur3
807 1543 980 1630 opponitur
1002 1541 1120 1605 flebilis
1144 1540 1301 1604 lusciniae
1323 1560 1432 1621 sonus,

305 1680 443 1745 quocum
466 1658 644 1744 comparari
667 1657 769 1722 solent
792 1657 914 1721 dolores
940 1676 1105 1741 nunquam
1130 1654 1378 1719 intermittentes
1401 1657 1433 1717 et

305 1774 363 1859 qui
383 1773 455 1837 ideo
478 1772 585 1835 minus
610 1771 816 1836 vehementer
841 1747 1080 1857 exprimuntur.
1105 1767 1154 1832 El.
1182 1768 1285 1831 1074:

659 1947 792 2026 πρόδοτος
816 1947 846 2011 δὲ
870 1945 948 2023 μόνα
971 1947 1088 2009 σαλεύει
1168 1989 1172 1995 -

549 2061 707 2141 Ἠλέκτρα,
733 2061 782 2124 τόν
807 2059 854 2123 aiei
879 2064 946 2138 γόον

550 2175 663 2238 δειλαία
686 2173 863 2253 στενοὶχονσ’
888 2171 964 2239 όπωσ

550 2288 571 2352 οἱ
594 2288 755 2368 πόνδνρτος
779 2288 886 2360 ανδόν.

349 2448 399 2514 Of.
423 2452 467 2514 ib.
492 2472 538 2514 vs.
565 2452 645 2515 103:
669 2452 740 2514 αλλ’
765 2453 795 2514 οὐ
820 2452 874 2527 μὲν
900 2450 935 2522 tt

549 2561 627 2637 λήξω
652 2565 753 2644 θρόνων
778 2569 922 2643 στυγερῶν
945 2587 978 2627 τε
1002 2563 1085 2642 γόων,

548 2676 577 2749 ἔς
600 2678 627 2742 τ’
653 2676 689 2742 tv
712 2686 914 2756 παμφεγγεῖς
939 2682 1052 2756 όόστρων

549 2791 645 2872 ῥιπόις,
669 2792 781 2856 λεύσσω
806 2793 837 2856 δὲ
861 2789 921 2855 τόδ’
946 2786 1034 2871 ἦμαρ.

549 2908 591 2982 μὴ
617 2908 647 2970 οὐ
670 2905 853 2984 τεκνολέτειρ’
879 2903 915 2976 ὥς
940 2929 983 2976 τις
1008 2906 1104 2978 οὶνδὼν

547 3019 596 3083 ἐπὶ
619 3021 737 3100 κωκυτῷ
762 3020 850 3083 τῶνδε
872 3021 1010 3099 πατρῴων

548 3135 599 3212 πρό
623 3135 707 3214 όνρῶν
731 3135 797 3213 ἠχὼ
821 3137 895 3197 πόισι
919 3140 1086 3212 προφωνεῖν.

347 3295 422 3360 Jam
445 3295 616 3361 dioendum
641 3304 689 3361 est
711 3297 750 3361 de
774 3295 851 3360 Ant.
878 3297 962 3360 423:

547 3461 563 3533 ἡ
588 3467 661 3528 παῖς
685 3460 784 3538 όρᾶται
809 3459 987 3522 κάνακωκύει
1012 3463 1116 3538 πικροῖς

547 3572 646 3652 όρνιόος
670 3571 735 3647 ὀξὺν
761 3573 903 3653 Φόόγγον,
930 3577 966 3644 ὥς
990 3571 1060 3636 όταν
1083 3583 1166 3646 κενῆς

546 3689 627 3760 εὐνῆς
653 3692 772 3751 νεοσσῶν
796 3689 919 3767 όρΦανόν
943 3687 1045 3767 βλὲφρ
1068 3687 1168 3766 λέχος.

348 3850 419 3915 Hoe
449 3850 516 3915 loeo
546 3856 687 3936 poetam·
703 3851 823 3935 pariter
854 3850 1024 3914 lusoiniem
1049 3850 1243 3936 spectavisse
1267 3851 1430 3915 oontondit

304 3963 454 4051 Hoppius
470 3966 504 4048 ¹),
536 3963 621 4050 quod
645 3964 675 4028 ei
701 3985 763 4028 non
787 3963 957 4029 oonoedere
981 3985 1121 4050 possum.
1146 3963 1220 4050 Ipse
1243 3964 1341 4030 etiam
1365 3965 1452 4035 sibi¹

253 4089 255 4092 '
303 4076 505 4162 obloquitur3
537 4075 633 4162 paulo
664 4083 737 4140 ente
760 4077 847 4140 enim
872 4077 959 4140 dixit
981 4077 1118 4162 tragicos
1142 4084 1250 4163 poetas
1274 4048 1453 4144 ΙιιεοίιιίαοΙ

303 4191 426 4255 flebiles
461 4211 556 4255 sonus
590 4189 629 4253 ad
665 4211 753 4254 aeres
776 4197 809 4254 et
831 4212 995 4276 uunquam
1018 4193 1257 4256 intermittentes
1282 4192 1428 4277 querelas

335 4463 361 4527 1)
381 4465 417 4514 De
434 4466 656 4528 comparationum
674 4471 700 4514 et
717 4466 929 4529 metaphorarum
943 4467 1011 4530 apud
1028 4467 1135 4531 tragicos
1144 4466 1252 4517 Graecos
1262 4482 1311 4518 usu
1321 4483 1377 4535 pag.
1387 4468 1427 4521 29.
