3500 5375
695 1569 911 1644 CAPUT
962 1572 1033 1645 Ill.

347 2061 477 2126 Novum
511 2063 783 2148 comparationum
820 2069 851 2127 et
885 2062 1130 2127 translationum
1163 2083 1265 2147 genus
1290 2062 1429 2149 pertinet
1516 2123 1519 2129 .

303 2174 342 2239 ad
366 2181 465 2241 artem
491 2175 646 2258 venandi3
672 2175 770 2262 hujus
794 2178 944 2262 exempla
965 2184 1071 2242 tamen
1096 2178 1215 2241 rariora
1237 2184 1312 2242 sunt
1331 2197 1427 2262 quam

303 2309 350 2371 ea,
375 2288 414 2353 de
437 2289 556 2375 quibus
579 2289 729 2353 vidimus.

349 2401 518 2487 Nusquam
550 2404 583 2465 in
610 2402 782 2488 tragoediis
806 2403 1002 2490 Sophocleis,
1026 2426 1108 2491 quae
1131 2404 1171 2468 ad
1194 2426 1252 2468 nos
1276 2425 1428 2490 pervene-

305 2523 388 2597 runt,
423 2537 465 2579 ex
497 2524 564 2581 arte
595 2517 757 2581 venatoria
788 2526 950 2605 sumptam
973 2520 1149 2603 imaginem
1175 2518 1322 2583 videmus
1345 2518 1429 2583 divi·

304 2631 417 2696 tiorem
441 2650 538 2717 quam
562 2632 656 2696 initio
679 2630 802 2714 Aiacis,
827 2632 885 2696 ubi
909 2633 1021 2698 Aiacis
1044 2633 1183 2719 vestigia
1206 2632 1427 2720 explorantem

304 2743 455 2832 Ulyssem
479 2745 653 2831 alloquitur
676 2744 841 2811 Minerva:
904 2736 906 2744 ’

506 2908 551 2970 ciel
575 2908 639 2983 μὲν,
665 2903 684 2970 ὦ
709 2917 770 2999 cai
791 2911 927 2989 Λαρτίου,
952 2910 1070 2989 δέδορκα
1094 2935 1127 2996 οε

504 3021 605 3101 πεῖραν
629 3024 681 3085 τιν’
706 3024 812 3102 ἐχθρῶν
836 3022 967 3103 οὶρτοὶοαο
991 3025 1158 3103 θηρώμενον·

503 3135 552 3199 καὶ
576 3141 624 3199 νῦν
648 3135 696 3200 ε’τ)
720 3145 840 3208 σκηναῖς
864 3162 898 3200 σε
921 3144 1072 3208 ναυτικαῖς
1096 3138 1145 3216 ὁρῶ

505 3246 639 3322 Αἴαντος,
664 3247 730 3313 ἔνθα
754 3247 837 3322 τοὶξον
861 3251 996 3328 εὀχοὲτην
1020 3249 1092 3330 ἔχει,

502 3361 598 3426 asra
622 3369 837 3440 κυνηγετοῦντα
860 3364 911 3428 καὶ
936 3363 1127 3442 μετρούμενον

503 3473 572 3554 ἴχνη
596 3475 636 3540 τοὶ
659 3476 748 3540 κείνου
772 3475 967 3556 νεοχοὲραχθ’,
990 3474 1066 3547 ὅπως
1089 3475 1156 3558 ἴδης

504 3588 555 3653 εἴτ’
578 3589 654 3655 ἔνδον
677 3589 728 3653 εἴτ’
753 3593 802 3655 οὐκ
826 3589 912 3655 ἔνδον·
929 3585 969 3654 ἐὖ
992 3591 1023 3654 δέ
1046 3592 1074 3653 τ’
1098 3591 1211 3670 ἐκφέρει

504 3705 585 3774 κυνὸς
608 3705 759 3776 Λακαίνης
784 3702 820 3775 ὥς
843 3728 891 3775 τος
913 3704 1014 3783 sapsas
1038 3704 1135 3781 βασις.

350 3864 440 3931 Haec
482 3867 588 3952 imago
629 3888 671 3932 ex
714 3867 809 3932 rebus
845 3868 1019 3933 venatoriis
1052 3867 1239 3955 deprompta
1273 3866 1326 3932 hic
1360 3868 1428 3932 illic

305 3981 441 4045 recurrit
475 4002 532 4066 per
566 3988 664 4045 totam
697 3981 857 4064 fabulam3
891 3981 1059 4068 respondet
1089 3980 1224 4068 Ulysses
1257 4004 1302 4046 vs.
1329 3983 1370 4045 20
1394 4004 1429 4048 se

305 4115 415 4159 revera
448 4095 569 4174 ἰχνεύειν
604 4095 735 4160 Aiacem
752 4095 786 4178 ¹),
817 4103 848 4160 et
878 4115 1014 4181 gregum
1038 4095 1191 4160 caedibus
1215 4095 1371 4158 nuntiatis
1394 4117 1428 4160 se

305 4210 412 4274 statim
448 4211 516 4274 κατ’
552 4207 633 4290 ἴχνος
668 4209 776 4293 ᾅσοενν,
815 4233 858 4274 vs.
894 4211 947 4292 32,
985 4249 1025 4258 -
1061 4230 1144 4297 quac
1179 4231 1244 4275 vox
1275 4211 1428 4275 translate

306 4379 448 4386 ..—-...—

338 4469 364 4528 1)
383 4469 421 4520 Cf.
435 4469 531 4533 ’ίχνευον
549 4469 602 4521 OR.
621 4469 668 4520 221
687 4476 714 4521 et
731 4467 971 4535 ἓξοχνοοκοποόμενος
991 4471 1031 4522 Ai.
1047 4469 1106 4522 997.
