3500 5375
882 740 924 801 94

334 937 371 995 ut
406 926 579 1016 Polyninae
609 928 793 1015 sepulturae
824 935 955 1008 annuat,
976 949 1082 993 errare
1105 929 1249 993 omnium
1276 929 1460 994 mortalium
1546 934 1550 937 ’

334 1064 503 1108 commune
526 1063 594 1107 esse
617 1042 705 1123 dicit,
729 1042 884 1128 sapientis
907 1050 1030 1123 autem,
1050 1044 1078 1105 si
1099 1043 1132 1105 in
1146 1064 1284 1107 errorem
1299 1043 1460 1125 inciderit,

335 1156 479 1229 σἰκεῖσίαι,
503 1156 543 1221 uf.
568 1155 622 1221 Ττ.
650 1156 734 1219 1034
757 1157 829 1219 ιῖκοῦ
853 1156 880 1219 δ’
905 1160 994 1238 ι’ίχος,
1018 1153 1085 1219 00.
1115 1158 1217 1219 1194:

869 1320 1077 1396 νουθετούμενοι

580 1434 673 1515 φίλων
697 1434 825 1513 ἐπῳδαῖς
849 1431 1040 1516 ἐξετςίδονται
1064 1434 1163 1513 Φύσιν,

334 1598 392 1663 ubi
417 1596 490 1663 vide
514 1596 700 1661 Nauukium
726 1598 758 1659 in
782 1595 1008 1661 additamento.

378 1711 484 1775 Etiam
509 1711 665 1775 notandae
688 1717 763 1774 sunt
786 1710 961 1774 locutiones
985 1714 1132 1789 οἰκιστῆρα
1152 1711 1284 1790 χαλινόν,
1303 1710 1369 1775 00.
1385 1714 1459 1795 714,

334 1825 418 1912 quod
441 1824 612 1889 Nauukius
636 1824 741 1887 reddit
767 1823 1040 1905 „wuthheilend”,
1061 1832 1094 1888 et
1113 1845 1195 1910 quae
1208 1825 1391 1889 efficiuntur
1404 1848 1461 1912 per

334 1940 499 2013 οῖννίκεστος.
537 1937 587 2001 ΕΙ.
620 1939 702 2001 888:
729 1936 826 2017 ίαλντνι
850 1938 918 2016 τῷδ’
946 1940 1096 2018 οίνκκὲστῳ
1120 1940 1193 2017 πυρί,
1220 1940 1275 2002 Ai.
1303 1940 1362 2002 52:
1387 1942 1457 2011 οῖνν-

333 2054 436 2118 κέστοο
459 2057 568 2133 χαραῖς,
594 2051 680 2115 Phil.
709 2053 788 2115 186:
813 2054 963 2124 οίννίκεστα
988 2053 1189 2131 μεριμννίματ’
1211 2053 1298 2132 ἔχων,
1312 2053 1382 2117 OR.
1397 2055 1457 2117 98:

334 2168 458 2244 μίασμα
482 2167 582 2245 χώρας
606 2166 743 2236 ἐλαύνειν,
769 2168 840 2241 μήδ’
864 2166 1021 2238 οῖννίκεστον
1044 2167 1166 2245 τρέφειν.

378 2279 711 2347 Animadvertendum
736 2278 875 2365 denique
899 2286 948 2343 est
971 2280 1085 2364 fragm.
1111 2281 1194 2343 469:

578 2440 675 2511 ακτόις
698 2440 849 2510 οὶταίωνοίς
873 2442 979 2503 τεκαὶ
1004 2442 1217 2517 μελαμβαθεῖς

581 2560 706 2618 λιποῦσα
729 2556 834 2631 λίμνας
859 2551 942 2625 ἦλθον
966 2557 1097 2633 ἡχούσνς
1120 2555 1204 2632 γόους

577 2668 751 2748 Ἀχέροντος
774 2666 941 2746 ὀξοτλῆνος
965 2668 1086 2744 ἄρσενας
1110 2670 1197 2749 χοοίς.

376 2833 520 2898 Vulnera
543 2832 696 2896 translata
719 2831 952 2916 significatione
972 2840 1262 2897 commemorantur
1281 2833 1359 2897 Ant.
1374 2835 1456 2897 651:

332 2951 362 3014 τί
394 2949 451 3030 γὰρ
485 2947 589 3026 γένοιτ’
626 2945 661 3010 ἂν
697 2925 779 3016 ίλκος
812 2945 913 3025 μεῖζον
945 2945 961 3018 ἢ
986 2948 1072 3022 φίλος
1097 2946 1204 3022 κακίςς
1230 2947 1344 3033 fragm.
1370 2950 1454 3010 544:

331 3061 413 3136 ἕλκοι·
438 3066 540 3134 λῦπαι,
565 3060 678 3145 fragm.
704 3060 787 3123 807:
812 3059 915 3138 ἀείζων
938 3057 1021 3131 ἕλκος
1046 3082 1103 3146 pro
1127 3060 1229 3140 ἀείζων
1253 3062 1362 3130 τίνίος.

376 3178 512 3244 Accedit
533 3175 603 3239 ΟΒ.
631 3175 737 3238 1395;

909 3258 961 3327 οἷον
984 3257 1041 3342 ίίροί
1064 3289 1105 3340 με

575 3377 685 3449 αοίλλος
709 3382 805 3441 κακῶν
829 3375 952 3441 ὕπουλον
975 3375 1156 3456 ἐξεθρέψατε,

331 3546 389 3611 ubi
407 3542 577 3609 Nauekius
588 3542 723 3606 aliorum
737 3541 991 3606 emendationem
1004 3541 1086 3612 ἕλκος
1098 3541 1315 3625 commendat3
1329 3540 1452 3630 ὕπουλος

330 3660 435 3726 denuo
468 3658 588 3745 legitur
622 3658 735 3741 fragm.
771 3657 853 3732 952:
889 3637 1012 3719 ὕπουλον
1046 3651 1110 3718 εἴτε
1133 3663 1289 3736 Σοφοκλῆς
1315 3657 1365 3719 τὸν
1388 3657 1450 3719 δού-

328 3798 396 3856 ρειον
420 3796 515 3837 ιττον.

375 3884 519 3950 Verbum
543 3891 633 3948 νοσεῖν
658 3889 690 3948 et
712 3885 841 3970 propria
861 3890 893 3948 et
913 3883 1063 3947 translata
1075 3883 1309 3969 significatione
1323 3884 1451 3968 legitur.

330 4000 574 4066 Observandum
598 4007 646 4065 est
668 3999 709 4063 iis
733 4000 810 4064 louis
832 4000 889 4063 ubi
915 3999 1047 4064 verbum
1069 4001 1197 4086 propriu
1217 4021 1311 4064 sensu
1332 3999 1371 4064 de
1384 4002 1453 4086 ipso

328 4135 458 4202 corpore
480 4112 803 4198 dicatur,'nunquam
827 4113 998 4177 convenire
1021 4134 1093 4176 aum
1114 4119 1221 4177 nostro
1244 4112 1336 4193 „aiek
1351 4112 1451 4197 .aijn”,

329 4249 393 4316 qua
424 4228 583 4292 locutione
606 4247 662 4291 nos
686 4227 836 4291 denotare
859 4227 1000 4292 solemus
1022 4228 1118 4292 talem
1143 4228 1361 4292 condicionem
1385 4250 1452 4293 eor·

330 4342 427 4429 poris,
451 4347 488 4405 ut
509 4340 616 4405 frantie
640 4341 832 4426 penitusque
856 4341 1024 4405 exhaustis
1048 4341 1173 4407 viribus
1197 4341 1332 4405 aliorum
1358 4364 1448 4427 opem

330 4456 364 4519 in
388 4453 532 4541 qualibet
555 4475 588 4518 re
611 4451 839 4518 desideremus.
