3500 5375
840 726 881 787 59

293 908 333 972 ad
364 931 453 995 spem
484 907 538 973 Αἱ.
566 909 937 973 transverserans
961 910 1159 993 έερμαίνεται;
1183 908 1223 973 ad
1247 910 1327 973 iram
1352 906 1420 973 00.

294 1023 376 1084 434:
401 1020 457 1101 έζει
481 1021 579 1097 θυμός,
604 1042 686 1107 quae
710 1023 828 1086 locutio
852 1043 909 1087 ncs
929 1021 1018 1087 ducit
1029 1021 1069 1086 ad
1082 1044 1135 1087 ecs
1148 1022 1232 1087 locos
1244 1022 1302 1086 ubi
1315 1022 1421 1085 minus

294 1136 379 1221 ignis
414 1155 509 1221 quam
546 1134 687 1200 incendii
721 1137 808 1200 notio
839 1136 1039 1221 agnoscenda
1069 1143 1134 1203 est:
1158 1138 1228 1222 ipsa
1251 1136 1349 1201 etiam
1373 1136 1422 1198 ira

293 1249 434 1313 incendii
459 1249 576 1313 similis
601 1249 689 1332 furit,
710 1249 796 1314 unde
818 1249 938 1314 sactum
958 1259 1007 1315 est
1026 1257 1063 1314 ut
1082 1251 1180 1315 verba
1191 1248 1421 1335 exstinguendi

293 1385 330 1427 eo
365 1361 616 1443 traducerentur,
655 1363 743 1427 velut
777 1361 817 1426 Il.
850 1361 911 1442 IX,
944 1363 1008 1426 678
1041 1363 1169 1440 σβέσσαι
1193 1371 1292 1441 χόλον.
1316 1362 1422 1426 Furor

294 1476 415 1556 Aiacis,
439 1476 496 1561 qui
529 1475 663 1540 necandi
686 1475 844 1540 desiderio
868 1474 1019 1541 efferatus
1045 1463 1178 1540 cunctis
1192 1473 1328 1538 ducibus
1351 1494 1421 1538 cae·

293 1588 348 1653 des
379 1588 520 1673 parabat,
545 1587 690 1674 pestiferi
715 1589 801 1673 ignis
825 1588 911 1652 haud
934 1588 1103 1651 dissimilis
1126 1595 1211 1672 erat;
1235 1586 1317 1651 hanc
1341 1588 1421 1650 ima-

293 1702 401 1786 ginem
438 1708 511 1766 ante
546 1701 652 1766 oculos
686 1682 839 1767 habuisse
875 1684 1004 1766 videtur
1039 1708 1131 1787 poeta
1163 1722 1235 1765 cum
1269 1700 1422 1765 scriberet

295 1815 350 1881 Ai.
378 1816 481 1878 1057:

516 1954 559 2017 κεί
582 1953 625 2030 μὴ
651 1956 718 2017 θεῶν
742 1978 785 2024 τις
809 1955 895 2027 τήνδε
918 1961 1021 2034 στεῖραν
1044 1952 1175 2030 ἔσβεσεν,

396 2067 491 2130 1059.
516 2065 647 2137 θανόντες
671 2067 707 2128 ἂν
730 2067 909 2145 ττρσνκεέριεέ
935 2067 1085 2147 αἰσχίστῳ
1110 2069 1195 2146 μέρω.

339 2228 482 2294 Eandem
507 2230 667 2294 notionem
692 2230 854 2295 continent
877 2228 1052 2316 Oedipodis
1076 2229 1173 2294 verba
1196 2227 1263 2293 00.
1289 2229 1371 2293 421:

519 2392 589 2455 ἀλλ’
614 2392 637 2455 οἱ
661 2393 715 2456 dcci
735 2400 791 2471 σφι
815 2393 894 2468 μήτε
916 2392 969 2463 τὴν
993 2392 1182 2470 πεπρωμένην

516 2502 568 2583 ἔριν
591 2504 820 2581 κατασβέσειαν.

341 2666 500 2734 Convenit
522 2668 630 2753 imago
653 2667 709 2732 ni.
738 2669 817 2732 194:

515 2833 587 2894 αλλ’
612 2831 671 2895 ι’ένα
695 2829 727 2905 ἐξ
750 2830 881 2910 ἑδράνων,
906 2828 976 2895 ὅπου
1000 2832 1159 2909 μακραίωνι

516 2943 633 3024 στνρίζιρ
658 2943 729 3008 nort
754 2944 820 3025 τᾷδ’
848 2943 962 3023 ἀγωνίῳ
985 2950 1086 3025 σχρλρῖ

517 3055 594 3120 σ’ἑταν
617 3057 747 3135 οὐρανίαν
770 3057 892 3136 φλέγων
907 3059 951 3141 ¹).
975 3057 1082 3135 ἐχθρῶν
1107 3057 1132 3119 δ’
1158 3054 1238 3135 ὕβρις

516 3169 685 3249 artacaeon
709 3170 836 3249 ὁρμᾶται

517 3286 545 3347 ἐν
568 3283 719 3362 εὐανέρινις
743 3284 884 3361 βάσσαις.

340 3447 404 3511 Hic
439 3447 526 3510 lccus
556 3467 613 3510 nos
645 3445 734 3511 ducit
756 3446 795 3509 ad
821 3448 955 3511 verbum
979 3447 1112 3526 Φλέγειν,
1137 3447 1220 3534 quod
1245 3447 1418 3513 adhibetur

292 3561 331 3625 de
362 3561 458 3625 rebus
489 3581 571 3647 quae
602 3581 658 3625 ncs
681 3561 824 3645 graviter
846 3559 995 3644 laedunt3
1018 3560 1059 3624 ad
1082 3567 1203 3646 pestem
1229 3560 1419 3625 transfertur

293 3674 362 3739 ΟΒ.
390 3675 475 3738 19οε

513 3809 607 3890 ”Ausci
630 3835 662 3874 τε
685 3814 732 3875 τὸν
757 3811 893 3890 μαλερέν,
918 3811 947 3882 ὃς
971 3817 1019 3876 νῦν
1043 3810 1182 3890 έιχαλκος
1205 3813 1344 3877 σὶσττίδων

514 3925 620 4004 φλέγει
645 3949 694 4000 με,
719 3925 888 4004 περιβόητος
912 3926 1050 4005 σὶντωέζω.

293 4087 342 4152 Of.
366 4087 437 4152 ΟΒ.
464 4088 526 4149 166
551 4087 656 4166 Φλέγων
679 4087 830 4162 σήματος.

335 4200 388 4264 Ad
411 4201 603 4265 concitatum
625 4198 771 4263 animum
794 4201 985 4266 transfertur
1005 4201 1071 4266 00.
1096 4205 1200 4268 1695:
1222 4207 1313 4281 μηδὲν
1334 4206 1414 4284 ἄγαν

295 4358 436 4366 ..--.-.

328 4444 353 4502 lt
371 4446 438 4511 „Das
456 4446 550 4495 Unheil
567 4461 598 4494 au
618 4445 821 4495 himmelhchem
841 4447 940 4497 Brande
957 4449 1170 4500 entdammend.’'
1191 4452 1290 4504 Nauck.
