3500 5375
834 739 877 801 85

621 924 670 989 δύο
693 924 766 1006 <hipp
791 924 817 988 δ’
842 926 870 988 ἐν
894 924 933 987 ἑνὶ
957 921 1046 1003 λόγῳ,

444 1039 525 1118 σοφαὶ
547 1039 574 1101 τ’
600 1038 705 1117 αρίστα
727 1064 761 1102 τε
783 1046 858 1109 ταῖς
881 1040 1050 1111 κεκλῆσθαι.

331 1199 446 1265 Trach.
482 1201 567 1265 496:
601 1203 685 1280 μέγα
715 1227 743 1266 τι
774 1203 869 1274 σθένος
900 1203 921 1265 αὶ
945 1202 1051 1283 Κθτρις
1075 1202 1227 1282 ἐκφέρεται
1251 1201 1332 1271 νίκας
1355 1202 1411 1265 αἰεί.

284 1312 337 1381 df.
373 1312 459 1380 Phil.
499 1318 571 1379 117.
607 1316 684 1380 Ant.
719 1318 794 1381 464.
817 1317 868 1381 El.
895 1318 970 1397 692,
996 1318 1071 1397 699,
1098 1317 1193 1380 1095.
1217 1314 1288 1380 OR.
1316 1316 1416 1379 1189.

332 1426 445 1514 Ipsum
471 1430 649 1515 praemium
674 1438 722 1495 est
746 1431 904 1508 στέφανος.
930 1453 993 1517 quo
1011 1429 1411 1495 nominetranslatcscnsu
1463 1428 1514 1488 06

288 1542 391 1607 utitur
424 1542 665 1630 Neoptolemus,
701 1551 738 1609 ut
771 1544 865 1609 choro
896 1545 1037 1630 explicet
1059 1565 1132 1607 non.
1145 1542 1410 1629 proficiscendum

285 1677 354 1720 esse
378 1657 442 1719 nisi
464 1657 571 1742 ipsum
596 1655 808 1723 Philoctetam
822 1679 931 1723 secum
944 1680 987 1722 ex
1000 1659 1107 1722 insula
1117 1656 1287 1738 abducant,
1300 1677 1410 1721 arcum

284 1771 387 1834 solnm
410 1771 496 1835 enim
520 1771 560 1834 ad
586 1770 715 1857 Trojam
740 1771 927 1858 capiendam
949 1792 1011 1835 non
1031 1770 1197 1854 sufficere3
1217 1768 1305 1833 Phil.
1327 1771 1410 1834 841:

441 1935 525 1998 τοῦδε
547 1934 605 2014 γαρ
629 1934 641 1997 ὁ
665 1935 823 2015 στέφανος,
847 1939 946 1998 τοῦτον
970 1934 1029 2005 θεὸς
1052 1928 1116 1997 εἶτε
1138 1932 1274 2012 κομίζειν.

330 2093 450 2159 Eadem
482 2094 589 2181 imago
621 2096 756 2160 recurrit
779 2096 837 2162 ubi
861 2094 951 2159 Aiax
974 2116 1066 2160 suam
1091 2095 1301 2179 ignominiam
1325 2116 1410 2159 oom-

287 2214 377 2293 parat
410 2230 483 2272 oum
518 2210 621 2293 gloria
653 2211 762 2296 patris,
785 2210 843 2296 qui
874 2209 949 2289 ἔσχε
971 2210 1118 2289 στέφανον
1141 2210 1275 2281 εὐκλείας
1299 2209 1409 2295 μέγαν,

286 2322 340 2386 Ai.
364 2325 440 2390 465.
587 2326 590 2331 '

260 2421 262 2425 ¹
300 2528 301 2531 Ἴ
330 2433 483 2521 Ejusdem
518 2438 565 2502 rei
599 2438 735 2503 alterum
772 2459 887 2503 nomen
921 2445 970 2503 est
1002 2432 1105 2513 ἄθλοις
1134 2439 1203 2523 jam
1228 2444 1338 2502 notum
1362 2443 1410 2501 est
1462 2472 1513 2532 ἵ

285 2548 370 2635 apud
395 2548 586 2641 Homerum,
611 2574 640 2616 v.
653 2573 680 2615 c.
705 2551 745 2616 ll.
768 2550 830 2635 IX,
855 2552 938 2615 264:

443 2713 474 2778 οὔ
496 2739 545 2778 κεν
568 2717 668 2789 clatros
691 2713 732 2788 εἴν
757 2715 837 2795 ανὴρ,
862 2708 883 2796 ᾧ
906 2717 1000 2779 τόσσα
1022 2716 1142 2793 γένοιτο,

441 2825 502 2891 ὅστ’
527 2827 754 2906 Ἀγαμέμνονος
777 2827 858 2894 ἵττιι
881 2829 985 2894 ἀέθλια
1007 2830 1112 2894 ποσσὶν
1135 2829 1243 2910 ἄροντο.

330 2990 428 3077 Apud
456 2989 645 3077 Sophoclem
669 2994 808 3078 legimus
832 2993 948 3058 Trach.
974 2995 1055 3058 506:
1079 2994 1160 3060 ἄεθλ’
1184 2996 1320 3074 dysticon
1345 2997 1367 3060 i.
1380 3019 1409 3062 e.

283 3105 408 3170 labores
443 3106 665 3190 certaminum,
690 3107 727 3171 cf.
751 3106 839 3171 Phil.
863 3109 946 3171 509:
971 3103 1188 3184 adrevaldum
1214 3102 1300 3181 ιῖθλις
1323 3085 1409 3197 duod

284 3226 443 3284 certamen
472 3219 600 3303 indicat,
625 3242 681 3306 per
703 3221 924 3308 metaphoram
948 3222 1067 3287 dieitur
1090 3222 1129 3287 de
1153 3223 1327 3307 laboribus,
1351 3225 1409 3310 qui

285 3332 421 3398 Herculi
442 3333 602 3399 subeundi
626 3341 733 3418 crant3
757 3334 872 3400 Traoh.
896 3336 959 3399 36:

442 3502 491 3561 νῦν
515 3498 540 3561 δ’
566 3497 637 3571 ἡνίκ’
666 3495 760 3561 ἄθλων
783 3498 866 3561 τῶνδ’
892 3498 1050 3577 ὑπερτελὴς
1073 3497 1141 3577 ἔφυ.

284 3658 334 3724 (ll.
358 3660 401 3724 ib.
426 3683 472 3725 vs.
493 3661 553 3724 80:
578 3654 663 3724 αἶθλιν
687 3661 727 3732 εἷς
752 3636 799 3724 τὸν
823 3658 946 3735 ὕστερον,
971 3660 1050 3724 Ant.
1072 3661 1154 3725 856:
1175 3663 1406 3742 τατρῷινδέ’κ-

283 3775 367 3846 τίνεις
390 3775 444 3837 τιν’
468 3767 564 3847 νῖθλιιν,
586 3779 617 3839 et
636 3775 770 3839 verbum
784 3777 884 3838 ἀθλεῖν
896 3771 963 3838 OC.
978 3775 1042 3838 564
1054 3773 1168 3848 ἥθλντα
1180 3775 1407 3853 κινδυνεύματα.

328 3886 462 3953 Accedit
484 3909 600 3952 nomen
623 3887 751 3966 ἅμιλλα,
776 3886 861 3974 quod
884 3889 942 3953 ubi
965 3887 1093 3972 dicitur⁷
1114 3889 1286 3954 celeritatis
1306 3891 1408 3955 notio·

283 4023 356 4067 nem
391 4001 497 4085 addit3
529 4001 644 4066 Traoh.
669 4002 751 4065 220:
776 4001 914 4081 βακχίαν
938 4002 1126 4083 ὑποστρέφων
1153 4001 1297 4080 ἅμιλλαν,
1322 4003 1407 4090 quod

284 4113 453 4180 Nauckius
488 4115 643 4179 illustrat:
683 4113 820 4195 ,ἅμιλλα
855 4114 965 4180 deutet
998 4114 1058 4178 auf
1087 4115 1140 4180 die
1171 4116 1216 4179 im
1240 4115 1328 4180 Tana
1352 4138 1407 4202 ge·

289 4229 553 4316 „schwungenem
584 4229 759 4312 gleichsam
789 4231 849 4294 mit
880 4230 1033 4296 einander
1063 4231 1096 4293 in
1120 4230 1297 4296 Roschheit
1317 4239 1407 4297 wett-

289 4342 472 4424 „eiforndcn
494 4342 635 4426 Fiisse;”
661 4341 700 4406 ol.
725 4342 804 4407 Ant.
831 4344 933 4407 1065:
957 4342 1079 4423 τρόχους
1102 4344 1308 4423 ἁμιλλητῆρας
1329 4342 1407 4418 ἥλιον

285 4463 389 4526 τελεῖν,
414 4453 463 4518 ΕΙ.
488 4456 570 4519 494:
593 4453 702 4533 γάμων
725 4455 938 4534 αμιλλθματα.
