3500 5375
888 685 927 746 16

537 868 577 931 τοῖ
601 869 626 932 δ’
652 870 835 933 ἀντιτείνοντ’
861 869 1037 950 αὐτόπρεμν’
1064 869 1242 935 οῖσύλλυται.

381 1033 473 1100 Idem
496 1032 666 1098 scholiasta
690 1026 829 1099 voluisse
853 1034 991 1117 videtur,
1016 1035 1073 1120 qui
1096 1035 1272 1121 explicuit:
1294 1036 1337 1111 μῖι
1350 1036 1464 1107 αὐθάδη

336 1143 407 1212 εἶναι
431 1149 626 1211 ἀντιτείνοντα
650 1156 708 1217 τοῖς
733 1148 992 1225 συμβουλεύουσιν.

380 1261 525 1326 Electrae
561 1260 637 1325 dum
673 1260 782 1345 longas
812 1261 959 1346 querelas
990 1260 1128 1325 effundit
1158 1260 1196 1325 de
1229 1262 1329 1348 patris
1355 1268 1465 1341 morte,

336 1374 375 1439 de
410 1375 521 1438 matris
556 1373 647 1439 foedo
678 1396 752 1438 cum
780 1374 939 1459 Aegistho
970 1374 1184 1457 matrimonio,
1206 1374 1245 1438 de
1269 1372 1466 1439 cruciatibus

336 1489 413 1570 suis,
449 1486 488 1552 de
523 1486 637 1552 Oresta
670 1486 819 1572 denique,
852 1487 909 1572 qui
941 1486 1007 1551 fore
1037 1493 1073 1551 ut
1106 1494 1229 1573 patrem
1256 1486 1464 1551 ulcisceretur
1511 1505 1514 1512 ’

335 1607 528 1689 speraverat,
553 1602 610 1686 qui
634 1607 740 1665 tamen
765 1600 863 1664 nimis
887 1599 943 1663 diu
964 1605 1142 1681 cunctatur,
1162 1598 1466 1687 supervenitOhry·

334 1715 498 1794 sothemis,
524 1716 577 1779 cui
598 1714 746 1801 displicet
765 1714 882 1778 sororis
903 1716 1088 1799 pertinacia.
1101 1712 1348 1801 Chrysothemis
1361 1736 1467 1800 pracs-

334 1836 402 1893 tare
437 1835 544 1894 censet
577 1827 618 1891 ad
649 1828 858 1892 contumelias
889 1828 1055 1893 evitandas
1079 1830 1181 1892 tutius
1205 1850 1274 1893 esse
1299 1828 1466 1913 indulgere

335 1944 376 2007 iis
412 1963 508 2029 penes
543 1963 622 2027 quos
656 1948 704 2005 est
739 1947 886 2027 potestas,
919 1963 1094 2028 eorumque
1127 1942 1324 2007 voluntatem
1354 1942 1465 2007 sedulo

335 2058 504 2121 observare
535 2064 571 2119 ut
602 2061 783 2141 praevertat
813 2077 854 2119 ne
877 2056 926 2118 ira
949 2055 1176 2121 exardescente
1200 2056 1270 2141 ipsa
1293 2055 1465 2119 afflictetur

334 2169 420 2235 haud
456 2191 547 2235 secus
581 2190 618 2232 ac
650 2170 678 2232 si
709 2175 825 2232 nautae
850 2169 884 2231 in
908 2169 1066 2252 angustiis
1090 2174 1199 2232 cautes
1221 2176 1253 2232 et
1277 2168 1358 2231 vada
1380 2170 1464 2253 vigi-

334 2285 438 2349 lanter
474 2284 679 2348 observantes
714 2283 786 2347 vela
817 2281 1018 2364 contrahunt,
1049 2304 1089 2347 ne
1120 2282 1222 2347 nimio
1244 2282 1367 2368 impetu
1392 2303 1463 2346 cur·

336 2405 441 2462 rentes
462 2398 552 2461 saxis
575 2396 749 2460 illidantur.
770 2394 861 2460 Haeo
884 2396 991 2481 imago
1014 2395 1125 2460 subest
1148 2418 1194 2461 vs.
1219 2397 1302 2459 335:

540 2562 588 2622 νῦν
612 2558 638 2621 δ’
660 2559 691 2620 ’ἐν
715 2565 816 2629 κακοῖς
840 2582 890 2636 μοι
912 2564 995 2621 πλεῖν
1018 2556 1160 2638 ὑφειμένῃ
1184 2558 1271 2624 δοκεῖ.

378 2725 514 2790 Accedit
545 2724 682 2789 verbum
710 2731 890 2806 onocrotalo,
918 2721 1003 2808 quod
1026 2721 1065 2786 de
1088 2722 1204 2786 itinere
1229 2723 1372 2786 terrestri
1396 2721 1461 2786 dic-

332 2847 402 2904 tum
427 2860 495 2904 esse
519 2838 632 2923 fragm.
660 2838 721 2900 129
745 2836 908 2901 contendit
932 2835 1150 2918 Radtkius¹):

532 2988 657 3053 ῖστοισιν
681 2987 697 3061 ἢ
722 2987 869 3065 κύμβαισι
894 2995 1064 3050 ναυστολεῖν
1087 2987 1197 3066 χύόναν,

377 3141 499 3205 Tamen
530 3141 637 3204 minus
668 3145 760 3204 caute
784 3140 891 3204 virum
915 3137 1043 3202 doctum
1062 3138 1210 3224 judicare
1233 3136 1344 3219 ored03
1369 3137 1459 3221 igno·

331 3275 440 3318 ramus
464 3255 550 3318 enim
574 3275 653 3318 num
676 3253 809 3318 fortasse
833 3254 866 3315 in
891 3252 932 3315 iis
956 3273 1038 3338 quae
1062 3257 1302 3338 praecesserunt
1322 3252 1457 3316 verbum

329 3368 491 3453 legeretur
513 3367 601 3453 quod
618 3365 822 3453 jungendum
842 3365 942 3430 fuerit
961 3387 1034 3429 cum
1055 3363 1192 3447 ῖτκοισιν,
1205 3364 1290 3450 quod
1303 3365 1331 3428 si
1346 3387 1458 3430 verum

330 3488 387 3564 est,
418 3481 537 3546 locutio
568 3480 651 3544 nihil
684 3480 782 3546 hahet
805 3474 985 3567 peculiare;
1010 3479 1114 3554 κύμβη
1138 3500 1254 3564 nempe
1277 3485 1325 3542 est
1348 3489 1457 3553 τλοῖον,

332 3601 369 3659 ut
392 3595 540 3672 κύμβαισι
564 3604 732 3659 ναυστολεῖν
759 3616 889 3681 prorsus
914 3593 997 3658 idem
1021 3593 1064 3657 sit
1086 3591 1170 3678 quod
1195 3590 1351 3656 habemns
1371 3592 1457 3657 Phil.

331 3710 413 3773 279:
448 3714 517 3780 ναῦς
550 3705 586 3780 οῖς
619 3707 697 3788 ἔχων
728 3709 934 3781 ἐναυστύλουν;
959 3706 1045 3772 idem
1067 3706 1204 3771 sensisse
1228 3705 1356 3771 videtur
1378 3706 1459 3770 Din-

328 3821 458 3905 dorfius,
483 3822 540 3909 qui
564 3828 634 3908 post
657 3820 782 3886 ῖττοισιν
805 3821 1020 3906 interpunxit.

372 3936 440 4000 Fac
461 3942 568 4000 tamen
591 3942 760 3998 ναυστολεῖν
786 3955 896 4020 reapse
919 3933 958 3997 ad
983 3931 1109 3996 ῖττοισιν
1131 3953 1258 4018 quoque
1278 3932 1455 4018 pertinere:

328 4058 435 4114 tamen
470 4071 528 4136 per
560 4070 697 4134 neugma
733 4048 850 4112 locutio
887 4045 1050 4111 commode
1081 4045 1239 4132 explicari
1270 4050 1390 4131 potest3
1414 4045 1455 4110 cf.

328 4161 395 4228 00.
432 4164 515 4227 898:
550 4162 639 4226 σαντ’
671 4161 836 4238 οῖνανκύσει
868 4163 939 4224 λεὼν
963 4163 1088 4222 οῖνιττον
1112 4158 1238 4231 landono
1262 4183 1295 4221 τε
1319 4160 1455 4236 θυμοῖτων

360 4423 388 4489 1)
404 4424 440 4475 lh.
460 4439 516 4489 pag.
533 4422 558 4473 7.
