3500 5375
861 690 904 751 58

538 883 625 955 Φολεῖ
645 877 671 940 δ’
695 877 708 940 ὃ
733 878 821 953 θνρςὸς
845 873 962 952 πρόσθεν
986 875 1104 953 ᾐρῆοθοον
1128 874 1252 943 κλοπεὺς

537 995 592 1051 τῶν
616 990 707 1065 μηδὲν
731 989 803 1068 ὀρθὸν
827 990 855 1052 ἐν
879 985 971 1066 σκότῳ
994 987 1197 1065 τεχνωμένων.

315 1161 355 1225 cf.
388 1161 438 1225 lul.
474 1163 569 1243 1396,
596 1163 690 1225 1494.
716 1160 831 1225 Trach.
857 1161 932 1224 596.
957 1159 1043 1224 Phil.
1067 1160 1141 1223 578.
1167 1160 1281 1247 fragm.
1307 1162 1382 1245 508,
1407 1164 1436 1225 3.

359 1272 491 1339 Ounctis
523 1275 711 1339 mortalibus
741 1274 851 1359 magni
882 1273 1036 1338 momenti
1066 1280 1114 1338 est
1138 1274 1233 1358 iguis,
1258 1276 1316 1361 qui
1339 1275 1439 1339 variis

315 1387 417 1451 modis
458 1388 544 1474 apud
581 1386 768 1473 Sophoclem
805 1387 985 1472 respicitur.
1020 1384 1092 1450 Nou
1128 1388 1275 1473 ineptum
1311 1386 1439 1453 videtur

314 1502 457 1567 exordiri
490 1503 530 1567 ab
561 1525 597 1566 eo
629 1504 703 1587 igne
727 1502 885 1566 cotidiano
908 1501 964 1587 qui
988 1501 1111 1565 cunctis
1135 1502 1314 1566 communis
1337 1510 1439 1584 esta

314 1615 389 1698 sole,
425 1616 482 1702 qui
517 1615 635 1679 dicitur
670 1614 740 1679 ΟΒ.
776 1615 860 1677 1425
892 1612 973 1692 φλὸξ
1003 1614 1129 1685 άνοικτος
1153 1615 1263 1683 Ἡλίον.
1289 1614 1438 1680 Nimium

314 1728 389 1790 solie
413 1727 556 1793 ardorem
582 1727 743 1813 siguificat
766 1729 877 1799 θάλπος
901 1730 962 1791 θεοῦ
987 1727 1102 1792 Trach.
1125 1730 1198 1810 145,
1219 1729 1304 1814 quod
1323 1750 1437 1795 nomen

315 1842 450 1905 recurrit
473 1842 550 1905 Aut.
578 1843 662 1905 1085
674 1857 696 1905 τ’

536 2018 643 2096 actuo
668 2019 747 2096 θυμῷ
771 2016 891 2095 κοορδίοος
915 2013 1088 2093 τοξεάμοοτοο

538 2130 653 2206 βὲβοονοο
676 2134 732 2191 τῶν
756 2129 792 2191 σὺ
816 2128 927 2199 θάλπος
951 2130 1010 2206 οὐχ
1033 2130 1216 2209 erexeram.

359 2302 601 2367 Attendeudum
625 2309 673 2367 est
695 2302 735 2365 ad
753 2301 942 2367 scholiastae
960 2302 1227 2388 explicationem:
1250 2305 1373 2376 θάλπος·
1385 2308 1438 2379 τὴν

315 2418 487 2495 δριμύτητα,
525 2417 574 2479 τὸν
608 2416 791 2495 ε’ροπρνομάν,
823 2416 871 2479 τὸν
903 2417 950 2479 ἱόν·
983 2415 1093 2487 θάλπος
1125 2416 1182 2496 γάρ
1207 2418 1240 2481 τὸ
1265 2423 1381 2495 κνῦμά,
1406 2421 1438 2483 ἐκ

316 2536 489 2608 μεταφοράς
526 2529 557 2592 δὲ
590 2534 647 2591 τῶν
681 2529 814 2608 ἑρπετῶν·
848 2530 943 2592 ἐκεῖνον
978 2530 1035 2608 γάρ
1072 2530 1280 2609 θερμάονάμενοο
1314 2534 1363 2596 τὸν
1399 2534 1437 2596 ἱὸν

314 2644 420 2724 civium
445 2642 484 2706 διὸ
507 2642 559 2706 nai
583 2644 611 2706 ἐν
636 2642 702 2722 θέρον
727 2645 844 2718 μάλλον
868 2642 1025 2722 ἰσχύουσιν.

359 2756 409 2822 Of.
434 2757 549 2822 Trach.
576 2759 678 2822 1082:
703 2759 829 2838 ἔθοολψεν
849 2758 932 2859 άτνρς
943 2758 1085 2834 οποισμάς
1096 2781 1104 2843 ;
1117 2758 1204 2823 Phil.
1218 2761 1277 2825 38:
1292 2760 1437 2824 θάλπεται
1457 2763 1460 2768 ’

314 2871 385 2952 ρ’άκν
411 2872 532 2951 βορείοις
556 2873 705 2944 νοονλείοος
729 2873 817 2940 πλέον.

360 2983 443 3049 Solis
465 2992 552 3074 ortus
576 2992 737 3072 spectatur
760 2985 876 3051 Trach.
902 2987 965 3050 203
979 3009 1043 3073 sq.:

760 3163 796 3234 ὡς
819 3160 948 3226 άελπτον
971 3161 1047 3240 ὄμμ’
1076 3164 1141 3241 ἐμοὶ

536 3274 643 3353 &illle
666 3275 800 3353 άνοοτχὸν
824 3276 914 3347 τῆσδε
937 3280 984 3338 νῦν
1007 3276 1204 3356 κονρποάμεθοο.

359 3435 482 3502 Schol:
504 3437 638 3516 άνοοοχὸν
658 3437 689 3500 δὲ
701 3437 863 3517 άνοοΦοννέν,
876 3439 1039 3502 άνοοτεῖλοον
1052 3440 1084 3502 ἐκ
1096 3443 1271 3519 μεταφοράς
1283 3446 1334 3503 τοῦ
1347 3442 1437 3514 ἡλίου.

360 3548 536 3615 Oalefiendi
567 3550 663 3615 verba
694 3571 788 3636 saepe
819 3551 1056 3616 transferuutur
1084 3552 1124 3616 ad
1155 3552 1257 3616 animi
1287 3552 1437 3618 affectus:

314 3663 354 3727 ad
376 3662 531 3749 gaudium
555 3663 605 3726 El.
631 3663 713 3728 887:
738 3666 766 3735 ἐς
790 3665 820 3728 τί
840 3689 890 3741 μοι
913 3665 1059 3744 βλέῲοοοο
1079 3664 1176 3746 θάλπρ
1197 3666 1265 3746 τῷδ’
1286 3667 1436 3747 άνννέοτῳ

314 3775 381 3854 πυρί
388 3798 396 3859 ;
408 3775 449 3838 ad
461 3796 601 3841 amorem
612 3775 726 3841 Trach.
737 3777 801 3839 364
812 3799 819 3840 :
832 3777 1057 3856 ἒκτεθέρμοοντοοι
1069 3779 1154 3857 πόθῳ.
1164 3776 1214 3842 uf.
1224 3778 1337 3865 fragm.
1348 3781 1410 3842 421
1426 3803 1434 3844 ε

537 3940 644 4005 τοιάνδ’
667 3941 696 4003 ἐν
720 3940 784 4019 ὄψον
807 3941 911 4018 λάγγοο
935 3942 1099 4021 θνρντνρίοον

418 4105 425 4120 .
537 4052 644 4132 ἔρωτος,
669 4055 823 4133 άοτροιπάν
846 4055 899 4116 τιν’
924 4055 1068 4130 ὀμμάτων
1092 4054 1165 4135 ἔχει·

537 4167 714 4231 ἕκθάλπετοιν
738 4166 792 4242 μὲν
817 4167 915 4239 νοῦν-ος,
939 4165 1050 4250 ἐξοπτᾷ
1074 4170 1100 4232 δ’
1124 4171 1178 4247 ἐμὲ
1194 4174 1237 4255 ¹).

319 4313 459 4321 --—·—-

349 4417 377 4481 l)
394 4417 431 4468 cf.
450 4417 523 4481 Verg.
542 4411 604 4467 ¹Aen.
622 4416 665 4481 IV,
682 4415 711 4467 2:
728 4431 801 4466 caeco
817 4417 933 4480 carpitur
950 4417 1011 4481 igni.
