3500 5375
862 778 906 841 22

361 964 564 1051 Quamquam
588 965 648 1030 hoc
671 966 737 1030 loco
761 987 823 1030 non
846 966 966 1052 apertis
991 965 1098 1030 verbis
1121 972 1214 1051 poeta
1234 964 1346 1030 urbem
1366 986 1439 1029 cum

312 1081 397 1144 'nave
423 1078 594 1161 contendit,
620 1079 723 1143 nihilo
747 1080 851 1144 secius
874 1079 1142 1166 comparationem
1166 1084 1251 1143 certo
1273 1078 1440 1159 sentimus,

315 1212 415 1279 quum
451 1192 535 1258 inter
570 1192 665 1257 hosce
702 1214 820 1280 paucos
856 1215 967 1257 versus
997 1193 1090 1280 plura
1121 1192 1251 1256 nomina
1274 1199 1441 1256 occurrant

315 1306 442 1392 proprie
465 1306 505 1369 ad
529 1328 579 1371 res
604 1307 747 1371 nauticas
770 1307 982 1393 pertinentia:
1007 1308 1146 1389 θνορθοῡν,
1166 1314 1198 1372 et
1218 1306 1351 1372 verbum
1364 1307 1440 1370 sim·

316 1420 392 1505 plex
419 1422 521 1498 ὀρθοῦν,
544 1419 738 1485 adhibentur
761 1420 800 1486 de
824 1421 972 1503 navibus,
996 1440 1086 1507 quas,
1110 1425 1277 1507 postquam
1302 1426 1440 1507 tempes-

316 1534 436 1598 tatibus
460 1534 575 1598 coortis
598 1533 798 1621 aliquamdiu
824 1554 882 1620 per
904 1532 1006 1598 undas
1026 1536 1165 1619 jactatae
1184 1539 1269 1616 sunt,
1282 1533 1442 1621 placidius

316 1648 439 1714 coelum
463 1648 578 1731 erexit,
602 1656 638 1713 ut
660 1650 738 1727 ὀρθοί
759 1648 874 1714 deinde
899 1649 960 1713 iter
983 1648 1111 1716 faciant.
1136 1647 1186 1712 of.
1212 1650 1288 1713 Ant.
1314 1649 1394 1714 189:

538 1810 584 1886 ἥδ’
609 1813 690 1876 ἐστὶν
714 1816 730 1888 ἡ
754 1811 888 1892 σώζουσα
911 1812 962 1875 καὶ
986 1811 1099 1883 νοούσης
1121 1810 1167 1873 ἔπι

538 1926 675 2014 πλέοντες
699 1927 788 2007 ὀρθῆς,
812 1950 838 1988 κ.
852 1949 878 1988 a.
895 1939 921 1987 a.

316 2040 361 2105 ib.
388 2042 469 2104 162:
693 2043 733 2103 σοὶ
756 2041 811 2115 μὲν
835 2040 869 2109 δὴ
894 2038 996 2110 πόλεος
1020 2039 1169 2119 οὶσφονλῶς
1194 2038 1249 2102 θεοὶ

540 2155 640 2232 πολλῷ
664 2151 747 2232 σοθλῳ
770 2153 919 2223 σείσαντες
944 2151 1074 2230 ὤρθωσαν
1097 2150 1196 2215 adata.

361 2315 487 2382 Deinde
520 2315 677 2381 habemus
708 2338 754 2379 vs.
780 2316 821 2379 52
846 2316 983 2386 πεσόντες
1007 2312 1129 2391 ὕστερον.
1156 2313 1301 2380 Verbum
1326 2315 1442 2379 πίπτειν

317 2436 425 2494 autem
461 2427 580 2494 dicitur
613 2429 652 2494 de
686 2449 767 2493 nave
800 2449 883 2514 quae
917 2428 1069 2493 fluctibus
1104 2428 1341 2514 submergitur:
1368 2427 1441 2493 vide

319 2543 374 2608 Αἰ.
401 2545 504 2607 1083:

540 2656 650 2730 ταύτην
675 2655 775 2736 νόμιζε
798 2655 850 2727 σὺν
875 2656 957 2719 πόλιν
981 2655 1072 2734 χρόνῳ
1098 2656 1167 2719 ποτὲ

541 2768 575 2843 ἐξ
597 2771 689 2849 cripiet
714 2770 884 2848 δραμοῦσοον
907 2771 946 2837 εἷς
970 2770 1056 2845 βυθὸν
1080 2776 1187 2832 πεσεῖν.

362 2930 532 2996 Manifesta
562 2931 664 3017 igitur
694 2932 778 2997 inter
809 2953 878 2996 sese
901 2936 1106 3018 opponuntur
1130 2953 1175 2996 vs.
1201 2932 1243 2994 50
1266 2929 1390 2999 στοθννες
1413 2932 1442 2999 ἐς

317 3045 390 3124 ο’ρθο’ν
425 3051 457 3111 et
491 3047 626 3116 πεσόντες
662 3044 793 3124 ὕστερον;
826 3047 914 3131 prior
943 3045 1060 3109 locutio
1091 3044 1174 3108 nihil
1197 3044 1357 3130 significat
1379 3043 1444 3106 nisi

317 3180 400 3244 quae
433 3165 613 3244 sequuntur
644 3181 689 3223 vs.
723 3160 782 3222 52:
813 3158 1031 3224 condicionem
1063 3158 1238 3240 laetiorem,
1261 3178 1343 3244 quae
1374 3163 1442 3221 orta

317 3279 395 3355 erat,
419 3273 499 3337 urbe
522 3293 541 3335 a
564 3272 708 3359 Sphinge
730 3273 884 3356 liberata3
909 3279 984 3337 tuno
1008 3275 1161 3359 temporis
1184 3275 1282 3354 enim,
1304 3279 1442 3337 monstro

317 3388 430 3470 deleto,
464 3387 541 3453 urbs
574 3389 667 3453 navis
703 3390 803 3452 instar
838 3390 899 3466 θρθθ
922 3386 1127 3452 nominanda
1157 3394 1235 3469 erat,
1260 3407 1343 3451 nunc
1368 3407 1442 3451 vero

318 3502 412 3566 malis
434 3501 632 3567 irruentibus
656 3502 748 3566 navis
771 3502 872 3565 instar
895 3501 1099 3565 submersum
1123 3502 1164 3564 iri
1191 3502 1330 3585 (πεσεῖν)
1355 3500 1442 3565 vide·

318 3621 381 3697 tur,
405 3614 490 3701 quod
513 3616 583 3702 ipse
606 3614 750 3681 sacerdos
774 3614 861 3679 dixit
884 3614 954 3680 ΟΒ.
980 3616 1039 3679 22:

540 3782 622 3850 πόλις
646 3779 712 3857 γὰρ,
738 3778 830 3855 ὥσπερ
854 3782 963 3848 καύτὸς
986 3781 1105 3860 εἰσορᾷς,
1130 3782 1210 3854 οἳγοιν

538 3890 597 3979 ἤδηΙ
616 3892 742 3962 σοολεύεν,
767 3893 983 3969 calamitatem
1007 3891 1083 3969 calpa

490 4027 492 4031 ’
540 4005 633 4081 βυθῶν
657 4003 697 4067 ἔτ’
723 4007 782 4083 οὐχ
805 4003 849 4068 cic
872 4029 905 4067 τε
928 4005 1036 4084 Φοινίον
1060 4005 1161 4069 σάλον.

362 4151 498 4218 Prorsus
521 4153 631 4218 eodem
655 4152 747 4218 modo
772 4152 879 4218 verbis
899 4152 937 4217 de
957 4153 1440 4239 quibusnunoagimus,rmlvr'

318 4267 355 4330 av
378 4267 524 4344 οὶνθρώσον
544 4266 616 4351 βίον1
640 4266 816 4352 imaginem
841 4287 859 4329 a
883 4267 978 4332 rebus
1002 4267 1140 4331 nauticis
1164 4272 1347 4332 mutuatum
1371 4291 1441 4334 esse

318 4379 507 4468 Sophoclem
539 4379 619 4464 dico,
650 4401 707 4445 neo
737 4380 914 4466 quidquam
937 4380 1026 4445 aliud
1051 4381 1148 4446 verba
1171 4381 1354 4468 significare
1378 4384 1440 4447 nisi

318 4494 442 4559 beatam
466 4495 551 4560 uitae
574 4493 809 4579 condicionem3
833 4495 893 4560 hoc
916 4495 1012 4560 etiam
1037 4517 1110 4559 cum
1134 4497 1175 4560 iis
1198 4517 1281 4583 quae
1301 4519 1441 4584 sequun-
