3500 5375
898 704 938 765 78

348 886 543 974 adjectivum
578 890 753 969 ψνφοτοιθς,
790 887 845 952 Ai.
885 890 979 972 1135,
1015 888 1054 954 de
1088 891 1182 954 cuius
1214 888 1475 975 interpretatione

347 1023 410 1066 non
434 1008 564 1067 constat.
590 1000 639 1069 Of.
665 1002 791 1067 Nauck.

392 1114 466 1180 Jam
502 1116 640 1181 libenter
674 1116 813 1182 Lueckii
828 1120 851 1202 Ι)
884 1118 1028 1204 opinioni
1051 1118 1227 1207 subscribo,
1252 1125 1363 1204 poetae
1385 1012 1529 1296 inge(

347 1250 445 1295 nuam
470 1238 616 1295 naturam
642 1230 847 1296 abhorruisse
870 1253 890 1295 a
913 1252 1012 1317 pravo
1032 1232 1093 1296 isto
1112 1232 1221 1295 litium
1240 1251 1487 1317 causarumque,

348 1345 464 1429 studio,
496 1346 549 1409 oui
581 1366 698 1430 magna
721 1365 793 1431 pars
817 1343 1068 1409 Atheniensium
1093 1345 1201 1410 dedita
1224 1352 1308 1411 erat:
1332 1347 1402 1431 ejus
1426 1317 1489 1408 in·l

347 1466 496 1544 corrupta
530 1464 627 1544 atque
662 1459 750 1523 mitis
786 1458 908 1523 indoles
939 1466 1024 1523 certe
1054 1460 1205 1523 miseram
1230 1459 1322 1523 istam
1347 1458 1474 1522 turbam

347 1572 503 1637 forensem
540 1574 728 1660 respuebat3
759 1571 843 1637 unde
876 1572 1051 1636 derivanda
1082 1578 1130 1636 est
1146 1573 1303 1658 ,paucitas
1332 1571 1473 1635 locorum

347 1708 385 1752 ec
416 1686 659 1773 pertinentium.
692 1685 842 1752 Alterum
876 1694 1103 1772 argumentum
1137 1686 1268 1769 assedit,
1292 1686 1377 1772 quod
1399 1685 1477 1748 talia

346 1800 411 1865 uisi
446 1822 503 1887 per
536 1801 817 1865 anachronismum
854 1823 917 1865 non
952 1801 1109 1887 respicere
1142 1802 1246 1887 potuit
1269 1807 1379 1895 pocta;
1403 1821 1474 1864 eam

346 1914 508 1979 licentiam
541 1916 618 1979 satis
641 1915 752 1980 crebro
773 1915 904 2001 quidem
928 1914 1068 1998 admisit,
1101 1921 1137 1978 ut
1161 1914 1201 1978 ad
1225 1921 1368 1999 tempora
1392 1914 1474 1976 anti·

346 2048 411 2115 qua
445 2027 635 2093 recentiores
668 2050 718 2093 res
751 2028 893 2111 referret,
917 2035 1057 2093 attamen
1088 2030 1174 2093 cavit
1196 2050 1237 2093 ne
1260 2028 1358 2092 nimis
1380 2048 1476 2113 saepe

347 2147 562 2206 cantaretur.

319 2246 324 2354 l
373 2232 503 2342 'Ipsum
538 2253 726 2341 Sophoclem
754 2256 808 2341 pie
832 2262 864 2321 et
889 2255 1039 2340 religiose
1062 2256 1198 2320 coluisse
1217 2255 1379 2341 justitiam
1400 2255 1477 2339 jura

320 2363 434 2453 lleges
470 2356 578 2456 plures
613 2368 675 2433 loci
712 2374 887 2452 testantur,
923 2368 1161 2454 pulcherrimus
1192 2376 1240 2433 est
1270 2368 1328 2454 qui
1357 2368 1476 2452 legitur

321 2479 420 2556 lOR.
445 2482 528 2545 865:

320 2574 325 2655 Ι
838 2570 917 2647 νόμοι
940 2569 1101 2649 πρόκεινται

571 2684 719 2764 ὑψθτοθες,
745 2686 873 2765 οὐρανίαν

570 2801 606 2863 δι’
631 2799 727 2877 αἰθέρα
750 2798 945 2870 τεκνωθέντες,
971 2796 1007 2862 ὧν
1031 2797 1195 2875 ’Όλυμπος

570 2914 668 2993 πατὴρ
692 2913 788 2990 μόνος,
814 2914 877 2978 οὐδὲ
901 2938 941 2976 νιν

528 3108 529 3111 ¹
572 3028 664 3092 θνατόι
686 3027 777 3107 Φύσις
802 3028 906 3107 σἰνόριιν

569 3139 688 3227 ἔτικτεν,
715 3142 778 3205 οὐδὲ
801 3141 844 3218 μή
869 3165 941 3205 ποτε
964 3142 1041 3207 acida
1065 3141 1287 3221 κατακοιμόσρ·

570 3259 670 3334 μέγας
693 3259 722 3320 ἕν
745 3256 855 3328 τούτοις
879 3259 938 3327 θεὸς
962 3257 1026 3322 οὐδὲ
1049 3259 1199 3337 γηράσκει.

346 3421 385 3488 cf.
419 3421 498 3487 Ant.
522 3419 610 3484 '8542
635 3422 748 3498 ὑψηλὸν
774 3383 868 3493 Δι’κας
894 3420 1016 3499 Brittan
1040 3421 1155 3486 deinde
1179 3420 1246 3485 00.
1274 3423 1369 3487 1381.
1394 3421 1472 3485 Ant.

347 3535 412 3598 450
425 3556 493 3620 sqq.
1484 3558 1486 3563 ·

391 3648 464 3712 Non
489 3647 658 3712 omittendi
682 3657 757 3712 sunt
781 3647 897 3712 Trach.
925 3671 986 3713 sss.
1012 3650 1076 3712 682
1088 3671 1153 3734 sq.:

568 3817 688 3890 παρῆκα
713 3812 824 3887 θεσμῶν
848 3811 936 3881 οὐδέν,
962 3811 1032 3875 αλλ’
1057 3810 1206 3891 ἐσωζόμην

569 3932 689 4003 χαλκῆς
713 3922 789 3996 ὅπως
811 3923 965 3989 δθσνιπτσν
988 3927 1021 3989 ἐκ
1044 3925 1146 3990 δέλτον
1170 3927 1299 4005 γραφήν,
1329 3994 1332 3998 A

314 4098 318 4168 t
346 4108 428 4174 quae
451 4087 548 4152 verba
572 4087 605 4149 in
629 4087 817 4152 memoriam
840 4095 990 4154 revocant
1009 4089 1135 4154 tabulas
1154 4111 1278 4173 aeneas,
1300 4092 1333 4154 in
1354 4092 1473 4178 quibus

346 4203 432 4287 leges
467 4207 557 4266 erant
583 4207 746 4283 exaratae,
770 4201 809 4266 cf.
833 4200 914 4267 Poll.
940 4204 970 4266 8.
999 4204 1078 4267 128:
1104 4204 1214 4276 δέλτοις
1238 4213 1372 4284 χαλκαῖς
1397 4201 1472 4278 ἦσαν

380 4439 407 4492 ΙΙ
426 4440 462 4489 lb.
481 4440 524 4501 ΙΙΙ,
542 4453 598 4502 pag.
614 4437 637 4486 5.
