3500 5375
853 728 873 789 4

287 936 292 946 “
343 916 508 1003 Equorum
546 936 636 980 amor
670 912 803 979 Graecis
834 914 965 978 innatus
995 920 1074 995 erat,
1098 919 1130 977 et
1150 912 1210 976 hac
1233 913 1267 975 in
1291 932 1325 976 re
1348 910 1426 975 sctis

251 1037 254 1042 '
301 1030 426 1095 minuta
448 1029 668 1095 observatione
691 1028 788 1113 digna
808 1028 1007 1114 judicabant.

343 1143 490 1231 Apparet
519 1164 562 1209 ex
593 1143 663 1229 ipso
696 1140 861 1229 Sophocle.
887 1140 927 1205 In
951 1140 1078 1206 Electra
1101 1141 1199 1222 enim,
1223 1138 1427 1227 paedagogus

299 1256 382 1321 fictis
407 1257 514 1323 verbis
538 1277 670 1321 narrans
694 1255 840 1321 Orestam
866 1256 995 1320 sinistro
1019 1256 1084 1320 fato
1103 1255 1222 1321 obiisse
1241 1277 1340 1341 quum
1360 1275 1427 1319 oer-

298 1378 406 1436 tamen
437 1371 549 1436 curule
579 1371 714 1453 iniisset,
739 1370 797 1435 ubi
821 1370 939 1435 rivales
964 1376 1141 1454 enumerat,
1165 1391 1229 1456 quo
1252 1370 1356 1455 magis
1379 1369 1427 1433 rei

300 1485 378 1551 fides
400 1484 566 1567 habeatur,
591 1484 708 1571 partim
733 1504 889 1569 equorum
915 1484 1053 1570 patriam
1077 1490 1109 1548 et
1132 1484 1268 1548 colorem
1290 1503 1427 1547 comme·

300 1605 419 1683 morat;
453 1620 535 1685 quae
559 1599 629 1663 sine
653 1598 752 1663 dubio
776 1575 923 1662 summus
947 1606 1040 1685 poeta
1063 1600 1232 1680 omisisset,
1256 1599 1320 1663 nisi
1343 1620 1427 1663 com-

300 1719 428 1800 pertum
453 1712 620 1777 habuisset
642 1712 763 1777 talibus
787 1718 980 1799 spectatores
1003 1713 1166 1778 oblectari.

345 1825 548 1914 Quantopere
582 1827 725 1912 insignes
761 1848 859 1912 equos
896 1828 1034 1893 colerent
1065 1827 1192 1909 Graeci,
1224 1828 1427 1913 aliquatenus

300 1948 432 2028 apparet
461 1962 504 2006 ex
536 1939 714 2006 Herodoto:
739 1943 896 2006 καταντίον
920 1944 946 2005 δ’
971 1944 1063 2006 αὐτοῦ
1091 1942 1262 2027 (Κίμωνος)
1290 1942 1322 2005 αἱ
1346 1940 1428 2005 ἵπποι

300 2053 470 2134 τεθάφαται
494 2048 582 2118 αὗται
607 2054 637 2118 αἱ
660 2060 732 2127 τρεῖς
754 2054 975 2131 Ὀλυμπιάδας
1000 2054 1174 2133 ἀνελόμεναι
1189 2056 1221 2136 ¹).
1243 2053 1428 2119 Honorifica

301 2173 348 2232 est
372 2167 474 2253 igitur
495 2168 691 2255 comparatio
714 2189 778 2255 qua
802 2167 932 2234 Orestes
953 2169 1057 2233 utitur
1078 2175 1114 2234 ut
1127 2168 1347 2255 paedagogum
1361 2168 1430 2232 lau-

300 2280 354 2346 det
376 2280 426 2346 Ell.
451 2283 511 2347 25:
1442 2290 1445 2294 ’

522 2432 615 2509 ὥσπερ
638 2434 696 2514 γαρ
720 2432 807 2506 ἵππος
830 2435 962 2511 εὐγενὴς,
987 2432 1042 2496 κᾶν
1066 2429 1082 2512 ἦ
1106 2433 1204 2513 γέρων,

522 2549 550 2611 ἐν
574 2555 649 2612 τοῖσι
675 2549 774 2619 δεινοῖς
799 2550 887 2625 θυμὸν
911 2549 961 2611 οὐκ
983 2548 1146 2619 οὶπώλεσεν,

523 2663 594 2727 αλλ’
619 2664 692 2737 ὀρθὸν
715 2655 762 2734 οὖς
785 2659 907 2735 ἵστνσιν,
932 2660 1068 2725 ὡσαύτως
1093 2661 1124 2724 δὲ
1147 2661 1183 2724 σὺ

525 2777 607 2853 ἧμας
630 2777 657 2838 τ’
682 2776 812 2855 ὀτρύνεις,
837 2778 944 2847 καύτὸς
968 2778 996 2838 ἑν
1019 2777 1138 2854 πρώτοις
1162 2773 1232 2838 ἐ’πει.

346 2925 458 3012 Ipsum
490 2924 596 2990 Solem
627 2948 723 2991 curru
755 2934 891 2992 vectum'
907 2925 986 3011 fingi
1010 2947 1104 2991 nemo
1127 2927 1238 3010 nescit,
1263 2928 1356 2992 cuius
1381 2928 1429 2992 rei

301 3038 473 3126 descriptio
500 3040 721 3124 insignissima
745 3038 921 3126 eademque
946 3040 1110 3105 uberrima
1133 3039 1294 3104 elaborata
1317 3048 1366 3106 est
1387 3040 1433 3124 ab,

302 3151 420 3216 Ouidio
434 3155 468 3231 2).
504 3151 589 3216 Satis
624 3153 750 3238 plenam
782 3159 890 3218 tammr
922 3153 1096 3238 imaginem
1129 3151 1216 3240 apud
1239 3151 1427 3241 Sophoclem

303 3287 430 3352 quoque
472 3266 661 3353 reperimus,
701 3265 758 3330 ubi
800 3265 892 3330 Aiax
927 3266 1101 3331 moriturus
1139 3265 1245 3332 Solem
1281 3272 1431 3354 precatur

304 3379 359 3443 Αἱ.
384 3380 468 3443 845:

526 3505 562 3568 σὺ
586 3507 611 3568 δ’
637 3501 657 3569 ὦ
679 3505 727 3570 τὸν
750 3506 839 3570 αἰπὺν
862 3506 978 3586 οὐρανὸν
1002 3507 1187 3586 διφρηλατῶν

526 3616 623 3692 Ἥλιε,
647 3617 785 3699 πατρῴαν
808 3621 861 3694 τὴν
884 3622 958 3696 ἐμὴν
982 3619 1052 3684 ὅταν
1075 3621 1169 3700 χθόνα

526 3729 599 3812 ἴδρις,
623 3734 754 3812 ἐπισχὼν
777 3734 955 3813 χρνσόνωτον
979 3733 1059 3805 ἡνίαν

527 3849 667 3924 ἄγγειλον
690 3845 768 3918 ὄντας
791 3846 848 3918 τοὶς
871 3846 949 3923 ε’μοὶς
973 3845 1056 3926 μόρον
1079 3847 1106 3910 τ’
1131 3845 1211 3923 ἐμάν.

349 3993 443 4061 Unde
477 3994 531 4060 Sol
564 3995 683 4061 dicitur
715 3997 869 4076 διφρεντής
902 4019 947 4061 vs.
980 3997 1063 4080 8573
1095 3995 1228 4062 eandem
1253 3997 1428 4083 imaginem

305 4111 507 4196 agnoscimus
537 4108 604 4175 00.
636 4111 711 4193 693,
743 4110 800 4175 ubi
823 4109 936 4175 Venus
958 4110 1050 4175 audit
1072 4110 1244 4191 χρνσοὶνιοςς
1268 4111 1338 4198 ipse
1360 4111 1429 4177 dies

306 4281 449 4291 ---——

339 4375 366 4438 l)
386 4375 477 4425 Herod.
493 4373 536 4437 Vl,
553 4369 650 4423 ο.103.

338 4467 365 4531 2)
385 4465 554 4529 Metamorph.
572 4465 605 4514 ΙΙ.
