3500 5375
732 1450 948 1525 CAPUT
999 1454 1064 1527 IV.

301 1950 309 2072 p
378 1942 573 2031 Saepissime
608 1967 658 2009 res
693 1946 878 2032 pastoricias
913 1945 1043 2031 respicit
1066 1952 1168 2030 poeta,
1192 1967 1329 2031 quarum
1353 1968 1458 2012 amoe-

217 2126 221 2136 ,
307 2058 415 2125 initas
447 2058 482 2119 iu
505 2058 692 2122 memoriam
717 2065 863 2123 revocata
887 2059 956 2121 sine
980 2057 1078 2121 dubio
1101 2059 1332 2144 spectatoribus
1354 2060 1457 2123 oblec-

310 2148 313 2181 r
332 2171 445 2235 tatiani
470 2170 542 2235 fuit.
566 2169 733 2235 Maximus
758 2192 913 2236 numerus
935 2172 1179 2235 translationum
1200 2172 1391 2258 repetendus
1410 2180 1459 2237 est

307 2280 351 2349 ‘a
373 2284 470 2350 verbo
494 2285 617 2367 βόσκειν.
645 2285 762 2364 Solem,
786 2286 844 2371 qui
867 2286 972 2350 omnis
995 2286 1077 2349 lucis
1100 2286 1278 2372 colorisque
1301 2294 1333 2352 et
1355 2288 1458 2373 ipsius

332 2398 417 2463 vitae
441 2398 511 2464 fons
535 2404 592 2480 est,
618 2398 703 2463 haud
729 2398 929 2465 incommode
953 2399 1031 2463 dicit
1055 2398 1125 2484 OB.
1154 2400 1256 2463 1425:
1279 2402 1332 2473 ula
1355 2400 1458 2463 ποένποο

331 2510 497 2588 βόσκονσονν
521 2512 627 2591 maipa
645 2490 778 2585 Ιι’ἑνοικπος
802 2514 911 2577 Ἡλιόο.

375 2623 619 2692 Pulcherrimus
652 2626 739 2692 locus
763 2633 812 2692 est
835 2627 869 2691 in
894 2627 1088 2709 Trachiniis,
1111 2628 1167 2692 ubi
1190 2627 1345 2694 Deianira
1364 2630 1458 2715 juve·

330 2741 407 2804 nilis
438 2741 552 2806 aetatis
576 2741 659 2805 mala
685 2740 824 2806 noudum
849 2749 1002 2828 expertae
1025 2741 1190 2807 commoda
1213 2742 1369 2808 celebrat:
1393 2750 1458 2808 tota

331 2856 437 2939 imago
461 2855 619 2940 respicere
643 2854 772 2919 videtur
795 2877 904 2918 curam
928 2845 1026 2942 quam
1050 2861 1191 2942 pastores
1210 2855 1402 2942 impendunt
1421 2863 1458 2920 ut

331 2967 484 3031 animalia
514 2988 623 3032 recens
651 2976 724 3032 nata
747 2975 900 3032 tueantur
922 2989 941 3030 a
965 2968 1067 3032 nimio
1091 2968 1167 3032 solis
1190 2968 1312 3052 ardore,
1336 2970 1457 3056 pluvia,

332 3081 446 3147 ventis.
471 3081 525 3146 Tr.
553 3083 635 3145 144:

553 3235 586 3298 πὸ
610 3233 669 3313 γοιρ
698 3231 798 3312 νεοὲζον
822 3234 850 3296 ἐν
874 3232 996 3296 τοιοῖσδε
1018 3232 1158 3308 βόσκεται

554 3349 685 3427 χώροισιν
710 3347 810 3429 αὑτοῦ,
834 3348 887 3410 nal
908 3370 947 3408 νιν
971 3348 1001 3409 οὐ
1026 3348 1135 3416 θοὶλπος
1160 3349 1220 3411 θεοῦ

551 3462 609 3525 οὐδ’
634 3461 742 3541 ὄμβρος
766 3443 829 3524 οὐδὲ
853 3459 1029 3536 πνενμοὶπων
1053 3457 1132 3523 οὐδὲν
1156 3469 1261 3543 κλονεῖ,

553 3574 624 3637 ἀλλ’
649 3575 764 3646 ἡδονοοῖς
788 3573 922 3654 ἄμοχθον
946 3571 1047 3653 ἐξαίρει
1070 3573 1141 3649 βίον.

373 3722 490 3788 Itidem
526 3724 617 3788 Aiax
652 3725 828 3788 moriturus
860 3731 1029 3810 postquam
1052 3723 1157 3787 filium
1181 3723 1326 3788 hortatus
1348 3729 1396 3788 est
1422 3730 1458 3787 ut

331 3839 381 3903 vir
402 3839 431 3902 si
454 3839 557 3904 factus
581 3839 652 3921 erit,
678 3839 796 3922 insigni
818 3839 940 3903 virtute
960 3838 1105 3903 hostibus
1126 3843 1356 3923 monstratque
1368 3845 1457 3923 patre

329 3960 423 4016 natus
447 3953 499 4034 sit,
523 3958 611 4038 optat
634 3958 680 4033 ut,
704 3951 803 4016 donec
822 3951 856 4014 id
877 3959 1005 4037 tempus
1019 3953 1151 4033 venerit,
1166 3950 1292 4037 placida
1305 3956 1336 4015 et
1348 3951 1457 4035 quieta

329 4065 470 4152 pueritia
496 4063 622 4128 fruatur
645 4085 692 4129 vs.
718 4065 800 4128 558:

552 4213 623 4285 σε’ως
647 4213 678 4277 δὲ
701 4213 817 4294 κούφοις
841 4213 1006 4288 πνεύμασιν
1030 4212 1148 4289 βόσκοι),

331 4363 370 4428 ad
402 4384 483 4450 quae
515 4363 614 4428 uerba
636 4363 805 4428 scholiasta
829 4361 923 4426 dicit:
948 4362 1043 4443 κούφῃ
1068 4362 1120 4426 acl
1142 4362 1246 4441 οὲπκλῇ
1271 4361 1340 4442 ζωῇ·
1367 4371 1400 4441 τῇ
1425 4361 1456 4426 δὲ
