3500 5375
851 740 891 803 21

307 924 458 989 municat.
490 923 669 990 Offensioni
700 932 775 991 sunt
806 926 954 1013 pluribus
977 926 1056 990 viris
1079 924 1180 990 doctis
1202 923 1300 989 verba
1323 922 1427 987 στάντ’

306 1040 352 1123 άν,
388 1060 470 1125 quae
505 1038 675 1106 Nauckius
705 1040 815 1128 spuria
845 1062 915 1106 esse
932 1040 1075 1128 judicat3
1098 1040 1236 1105 tentavit
1257 1039 1314 1103 ille
1337 1036 1427 1101 πάντ’

306 1154 354 1235 άν,
377 1160 558 1240 comparato
582 1154 694 1219 Aiacis
717 1175 812 1220 versu
838 1155 920 1217 1381
947 1153 1035 1219 στάντ’
1061 1154 1121 1233 ἔχω
1145 1154 1172 1216 σ’
1197 1152 1355 1217 ἐπαινέσαι.

351 1262 468 1331 Contra
491 1265 656 1332 Lueckius
680 1268 887 1355 participium
911 1268 1026 1330 στάντιι
1047 1266 1125 1331 dicit
1146 1287 1294 1353 „prorsus
1314 1256 1428 1332 aarum

309 1386 360 1461 „et
401 1380 601 1465 genuinum”
617 1383 651 1466 ¹).
687 1380 796 1469 Ipsius
831 1381 929 1447 verba
962 1380 1150 1445 audiamus:
1189 1381 1286 1463 „satis
1320 1386 1427 1446 autem

309 1499 439 1575 „notum
470 1503 518 1560 est
548 1495 683 1561 verbum
716 1493 833 1559 ἱστάνιιι
856 1496 955 1561 etiam
979 1495 1019 1561 dc
1042 1494 1208 1581 pendendo
1230 1493 1294 1559 dici
1317 1494 1428 1579 solere,

309 1609 413 1695 „quod
446 1608 577 1696 quidem
612 1631 655 1673 ex
689 1631 732 1675 ao·
761 1609 943 1675 ducendum
975 1616 1032 1690 est,
1064 1608 1148 1695 quod
1180 1609 1282 1674 librae
1312 1609 1428 1692 lances,

309 1722 523 1808 „simulatque
545 1722 683 1808 pondera
706 1722 909 1809 imposueris,
932 1707 996 1787 nisi
1018 1722 1118 1787 altera
1140 1728 1207 1787 tota
1226 1721 1428 1809 deprimitur,

309 1836 431 1921 „primo
455 1836 585 1922 quidem
610 1824 736 1901 sursum
762 1838 908 1902 deorsum
933 1837 1091 1919 feruntur,
1111 1835 1322 1902 deinde'vero
1340 1859 1428 1924 pror-

308 1973 381 2032 „sus
416 1953 605 2039 exaequatis
641 1952 836 2040 ponderibus
870 1952 911 2017 ad
944 1951 1181 2017 consistendum
1215 1950 1427 2035 adducuntur,

309 2062 519 2149 „(i‘cravrce)‚
553 2086 618 2151 qua
651 2066 685 2129 in
717 2088 751 2131 re
786 2067 890 2131 omnis
913 2072 1086 2153 pensatura
1108 2064 1254 2131 vertitur.
1278 2062 1429 2149 Intellige

308 2179 429 2265 „igitur
451 2178 568 2244 στάντιι
590 2180 653 2254 βίον
678 2181 776 2245 vitam
800 2178 906 2245 adhuc
928 2180 963 2243 in
983 2180 1105 2243 trutina
1116 2180 1351 2261 consistentem,
1364 2180 1386 2242 i.
1400 2201 1427 2244 a.

309 2295 437 2376 „vitam
469 2294 561 2359 cuius
594 2296 663 2375 ῥστή
696 2293 838 2359 nondum
868 2293 953 2358 facta
977 2294 1046 2358 sive
1069 2292 1210 2357 nondum
1234 2293 1325 2357 finita
1347 2293 1427 2358 est.”

349 2406 395 2471 Ut
417 2407 500 2472 locos
522 2406 708 2472 incertiores
732 2407 889 2489 omittam,
914 2406 1085 2493 praecipue
1109 2406 1160 2471 vir
1182 2404 1293 2471 doctus
1313 2407 1429 2470 nititur

304 2521 408 2587 hisce:
434 2519 501 2585 OO.
528 2522 629 2585 1508:
654 2520 725 2601 ρ’στὶρ
748 2520 823 2598 βίον,
847 2518 918 2586 OR.
944 2520 1026 2583 961:
1049 2519 1158 2599 σμικρά
1177 2520 1426 2596 saturandum&

304 2634 416 2716 εὐνάζει
451 2636 531 2716 ρ’ωτά,
567 2634 682 2701 Traoh.
719 2635 778 2699 82:
814 2636 843 2699 ἐν
878 2638 948 2716 ῥοπῇ
979 2634 1076 2717 τοιᾷδε
1107 2633 1236 2714 κειμένῳ,
1268 2632 1318 2698 ΕΙ.
1346 2635 1426 2700 119:

304 2749 395 2828 μούνη
419 2751 476 2832 γάρ
500 2754 584 2829 άγειν
607 2753 702 2815 σιἰκέτι
724 2754 805 2814 σωκῶ
828 2749 1108 2829 nemausiacas
1128 2750 1238 2829 uatum
1259 2748 1428 2815 ubidubio

304 2885 366 2928 non
400 2863 576 2928 obnoxium
611 2870 659 2929 ast
692 2863 771 2950 quin
803 2883 942 2950 pensura
971 2863 1170 2951 respiciatur.
1204 2861 1427 2928 Nihilominus

303 2984 411 3043 tamen
446 2978 480 3040 in
504 2977 643 3043 Lueck-ii
666 2977 892 3065 explicatione,
916 2978 1065 3063 quamvis
1089 2977 1193 3064 primo
1218 2977 1333 3042 obtutu
1355 2999 1426 3064 spe·

304 3091 398 3173 cicae,
421 3092 622 3178 adquiescere
647 3112 709 3156 non
734 3111 875 3178 possum.

349 3180 630 3292 Quotienscunque
660 3207 746 3271 anim
777 3205 835 3270 hos
864 3226 975 3270 versus
998 3205 1171 3288 considero,
1195 3205 1280 3270 ultro
1302 3205 1336 3268 in
1360 3227 1426 3271 me·

304 3321 438 3385 moriam
458 3320 592 3385 redeunt
603 3319 774 3385 sacerdotis
787 3319 885 3385 verba
896 3319 991 3383 initio
1003 3316 1178 3406 Oedipodis
1190 3318 1291 3404 Regis
1305 3342 1350 3385 vs.
1364 3321 1423 3385 46:

504 3482 547 3556 ἴθ’,
573 3479 593 3548 ὦ
616 3484 725 3562 βροτῶν
749 3484 853 3562 άριστ’,
878 3481 1032 3560 ἀνόρθωσον
1056 3483 1148 3546 πάλιν·

428 3645 430 3650 .
503 3595 547 3669 ἴθ’,
572 3597 759 3675 εὐλάβάάηά·
784 3598 820 3668 ὡς
844 3597 878 3659 σὲ
901 3595 948 3658 νὺν
971 3595 1027 3671 μὲν
1050 3592 1100 3667 ἥδε
1123 3602 1162 3672 γῆ

503 3717 618 3790 σωτῆρσι
640 3709 739 3791 κλῄζει
763 3716 815 3783 τῆς
839 3709 929 3787 τιάρας
951 3709 1121 3788 apodemius·

504 3823 601 3903 ἀρχῆς
625 3825 657 3888 δὲ
679 3831 733 3898 τῆς
756 3832 809 3897 σῆς
834 3824 982 3901 ocdoada
1006 3824 1185 3904 μεμνήμεθά

502 3937 627 4008 στάντες
650 3939 677 4001 τ’
702 3939 731 4008 ἐς
755 3939 828 4016 άράὸν
852 3937 904 4002 καὶ
927 3935 1063 4009 τεσάντες
1087 3935 1211 4016 ὕστερον·

504 4052 575 4116 άλλ’
599 4052 755 4134 άσφωλείρι
777 4051 858 4124 τάνδ’
882 4052 1035 4129 άνάράωσσν
1058 4052 1150 4115 πάλιν·

505 4166 583 4247 άρνιάι
606 4165 664 4246 γάρ
687 4165 739 4230 aad
762 4165 815 4237 τὴν
838 4167 899 4230 τότ’
923 4166 1006 4244 αἰσίῳ
1029 4163 1126 4244 τύχην

504 4279 654 4362 τωρὲσχες
678 4280 760 4356 ἡμῖν.

338 4478 365 4545 1)
383 4436 416 4546 u,
432 4479 487 4545 pag.
505 4477 545 4532 13.
