3500 5375
869 718 932 781 116

373 900 525 967 Generali
547 902 676 967 nomine
699 904 728 967 si
751 902 831 968 ἔτλα
854 904 1016 987 dicuntur,
1038 904 1230 992 simpliciter
1248 925 1338 968 arma
1357 904 1457 990 signi-

329 1014 474 1099 ficantur,
506 1015 561 1080 Αἰ.
586 1017 640 1100 41,
665 1017 765 1102 alibi;
789 1040 883 1084 arcus
906 1025 1015 1085 autem
1039 1025 1071 1085 et
1095 1020 1231 1104 sagittae
1254 1041 1334 1105 quas
1358 1021 1458 1106 possi·

327 1128 423 1193 debat
456 1128 636 1196 Philocteta
666 1131 875 1218 designantur
910 1132 996 1197 Phil.
1031 1134 1083 1215 78,
1109 1134 1185 1218 262,
1209 1133 1299 1216 alibi,
1322 1133 1362 1200 cs.
1386 1132 1457 1196 ΟΒ.

329 1244 411 1308 469;
436 1242 555 1317 ἔνοπλος
575 1245 644 1326 πυρὶ
669 1246 721 1311 καὶ
746 1254 912 1328 οτεροπαῖο.
1140 1245 1145 1250 ’

374 1356 542 1421 Notandus
565 1363 613 1423 est
637 1380 714 1423 usus
738 1360 976 1445 metaphoricos
1000 1359 1091 1425 verbi
1114 1358 1240 1440 ὁπλίζειν
1263 1357 1314 1423 El.
1338 1359 1422 1423 995:

426 1560 429 1565 -
483 1524 537 1582 ποῖ
557 1516 614 1599 γοέρ
638 1520 704 1583 ποτ’
729 1519 919 1600 ἐμβλέψασα
943 1525 1068 1585 τοιοῦτον
1092 1520 1194 1602 θροέοος

483 1631 558 1706 αὐτή
583 1632 607 1695 θ’
631 1630 741 1712 ε’πλίζει
765 1632 840 1710 κᾶμ’
868 1633 1019 1714 ὑπηρετεῖν
1042 1641 1163 1709 καλεῑς;

328 1794 413 1880 quod
447 1800 531 1860 recte
565 1795 707 1881 explicat
741 1794 928 1861 scholiasta:
965 1797 1032 1860 λίαν
1062 1798 1257 1876 ἐμφαντικῶς
1287 1799 1328 1876 τῷ
1359 1795 1454 1876 θράσει

328 1908 421 1987 Φνπὶν
458 1910 549 1983 αὐτὴν
583 1908 751 1989 ὁπλίζεσθαι
783 1912 820 1981 ὡς
853 1910 945 1986 μηδὲν
969 1909 1144 1990 ἀμυντήριον
1168 1912 1262 1981 αὐτὴν
1286 1908 1413 1988 ἔχουσαν
1437 1907 1453 1980 ἢ

329 2019 413 2096 μόνον
439 2020 554 2101 ἔροέοοςς
581 2021 621 2089 of.
646 2022 696 2086 El.
724 2022 826 2086 1086:
850 2024 883 2086 τὸ
907 2022 950 2099 μὴ
974 2024 1064 2087 καλὸν
1087 2024 1302 2087 καθοπλίσασα.

373 2132 488 2219 Neque
512 2134 724 2199 omittendum
748 2141 796 2198 est
818 2133 1014 2220 adjectivum
1035 2134 1245 2201 Homericum
1268 2134 1353 2221 quod
1366 2155 1455 2221 repo·¹

328 2248 395 2311 suit
417 2246 587 2312 Nauckius
611 2247 681 2311 ΟΒ.
707 2248 789 2311 884:

483 2408 506 2471 si
529 2408 560 2472 δέ
583 2432 627 2480 τις
651 2407 801 2488 ὑπέροπλα
824 2409 927 2489 χερσὶν
950 2408 966 2482 ἢ
991 2411 1070 2490 λόγῳ
1093 2408 1243 2491 πορεύεται
1259 2410 1302 2497 ¹).

372 2555 618 2622 Substantirum
643 2557 736 2637 ἔγχος
760 2559 809 2623 bis
834 2580 892 2645 per
913 2560 1132 2647 metaphoram
1152 2559 1342 2643 adhibetur3
1355 2560 1454 2648 pestis

327 2692 409 2756 quae
433 2672 560 2738 Thebae
587 2672 735 2756 vexabat,
760 2671 880 2738 dieitur
902 2672 973 2739 ΟΒ.
998 2675 1058 2738 27:
1084 2672 1224 2755 πυρφόρος
1251 2674 1319 2746 θεός,
1344 2673 1384 2741 cf.
1407 2696 1452 2739 vs.

330 2786 392 2847 190
405 2807 491 2872 sqq:
524 2784 617 2866 Ἀρειέ
648 2812 681 2850 τε
709 2789 757 2852 τὸν
781 2789 907 2868 μαλερὸν
932 2812 957 2852 κ.
972 2813 1000 2852 τ.
1015 2803 1060 2864 λς
1086 2810 1159 2853 eum
1185 2788 1342 2874 quomodo
1366 2809 1452 2853 arce·

325 2907 395 2964 rent
430 2901 626 2988 quaerebant
661 2901 826 2985 Thebani;
861 2925 963 2988 quum
994 2903 1134 2968 nondum
1167 2910 1274 2967 tamen
1298 2902 1453 2968 haberent

324 3036 389 3100 quo
419 3015 512 3100 qnasi
534 3015 633 3078 armis
657 3036 731 3080 eum
759 3016 940 3100 rejicerent,
964 3017 1080 3081 chorus
1102 3019 1189 3082 canit
1212 3039 1258 3083 vs.
1287 3019 1367 3081 169:
1392 3018 1452 3081 οὐδ’

325 3129 363 3190 ἔνι
387 3129 540 3208 Φροντίδος
565 3128 666 3208 ἔγχος,
691 3122 711 3209 ᾧ
737 3154 781 3202 τις
808 3127 966 3205 ἀλέξεταις
991 3130 1072 3195 alter
1094 3130 1181 3195 locus
1206 3130 1327 3214 legitur
1337 3131 1451 3215 fragm.

326 3241 409 3304 480:
433 3246 489 3323 πῦρ
513 3242 589 3322 ἱερὸν,
614 3250 667 3315 τῆς
692 3243 809 3314 εἷνοδέας
835 3243 965 3316 Ἑκοὲτερς
991 3242 1095 3322 ἔγχος.

371 3352 551 3438 sagittandi
574 3361 675 3419 artem
700 3355 831 3441 respicit
854 3361 947 3442 poeta
971 3354 1041 3420 ΟΒ.
1066 3356 1149 3419 203;

482 3504 583 3568 Λύκει’
607 3503 693 3578 ιἰναξ,
719 3505 758 3570 τοί
782 3531 814 3570 τε
837 3507 877 3570 σοὶ
900 3507 1125 3588 χρνοοοτρδΦιεν
1149 3509 1205 3570 ἔπ’
1228 3510 1366 3585 οέγιινλοῖν

481 3617 575 3694 βέλεα
600 3617 707 3696 θέλοιμ’
732 3618 768 3683 ἔιν
791 3618 930 3696 abactor
955 3621 1146 3694 intersistat,

325 3767 382 3852 qui
405 3767 492 3831 locus
516 3769 547 3830 in
574 3769 761 3833 memoriam
787 3776 914 3835 revocat
936 3769 977 3834 Il.
1002 3769 1031 3849 Ι,
1056 3772 1116 3835 53:

479 3919 604 3997 ἐννῆμαρ
628 3919 682 3995 μὲν
705 3919 764 3982 avt
787 3920 910 3998 στρατὸν
933 3922 1028 4000 ᾤχετο
1051 3928 1130 3994 κῆλα
1155 3924 1234 3994 θεοῖο,

324 4073 491 4153 propterea
514 4067 599 4154 quod
623 4068 794 4153 utrobique
818 4068 966 4133 videmus
989 4071 1134 4135 morbum
1159 4072 1260 4156 repeti
1283 4072 1324 4135 ab
1351 4073 1451 4159 Apel-

324 4179 401 4242 linis
425 4179 560 4264 sagittis

356 4440 384 4505 1)
402 4440 440 4491 Cf.
458 4438 601 4501 11.1,205:
620 4441 655 4502 Ρῇ
673 4437 816 4502 ν’ποροπλίρι,
834 4441 889 4504 XV,
908 4441 970 4492 185:
988 4441 1117 4503 ὑπέροπλον
1134 4445 1229 4495 turim.
