3500 5375
848 728 890 791 39

302 917 401 1000 illius,
426 917 483 1002 qui
513 915 588 981 lieet
610 915 728 980 habeat
750 914 876 993 ἄφυκτα
900 912 987 997 βέλη,
1007 913 1048 977 ab
1070 912 1157 977 omni
1181 911 1308 976 anxilio
1330 910 1427 974 desti-

301 1036 400 1112 tutus,
434 1050 541 1115 egens,
572 1050 677 1116 aeger,
709 1034 834 1093 tantum
866 1049 928 1093 non
952 1026 1037 1092 fame
1060 1025 1242 1091 absumitur
1264 1027 1297 1088 in
1322 1024 1428 1089 insula

302 1144 443 1209 deserta:

525 1303 603 1389 είρτε
626 1310 652 1373 δ’
676 1307 780 1373 ἄλλοτ’
805 1306 888 1391 ἄλλα
910 1306 972 1372 τότ’
1002 1309 1037 1370 νίν
1060 1307 1223 1384 sinodorum

526 1431 596 1493 ταῖς
621 1426 691 1502 ρ’ίτερ
715 1426 751 1493 ὡς
775 1422 870 1501 Φίλας
894 1421 1020 1494 τιθήνας.

303 1584 353 1650 Of.
378 1585 491 1650 Traoh.
518 1586 599 1649 526:
624 1587 682 1664 ἐγὼ
706 1588 737 1649 δὲ
761 1589 859 1663 ανίτνρ
884 1586 939 1661 μὲν
962 1578 1006 1649 νία
1029 1583 1111 1665 Φρνίζ
1135 1634 1143 1651 .

443 1698 493 1763 ΕΙ.
518 1699 599 1763 233;
625 1698 696 1762 ἀλλ’
721 1692 767 1762 οὖν
790 1699 885 1781 εὐνοία
907 1700 939 1774 γ’
963 1698 1042 1761 αὐδῶ

626 1811 723 1891 μνίτνρ
747 1812 814 1875 ὡσεί
835 1836 879 1883 τις
902 1810 1005 1879 πισταί.

346 1976 432 2041 Raro
455 1982 722 2042 commemoratur
744 1975 852 2052 ποιμήν
877 1976 947 2040 sive
969 1974 1090 2050 νομεύς;
1117 1973 1267 2037 notabilis
1290 1978 1339 2038 est
1361 1994 1427 2038 me·

301 2089 435 2176 tophora
459 2090 572 2175 fragm.
598 2090 673 2171 379,
701 2090 740 2152 10
764 2088 822 2151 ubi
846 2088 1075 2173 gubernatores
1098 2085 1250 2150 dieuntur
1272 2092 1339 2149 νεῶν
1362 2109 1423 2150 τα-

302 2212 457 2283 μαντῆρεα.

345 2316 577 2384 Observatione
610 2316 743 2401 dignum
780 2322 828 2381 est
857 2334 1060 2400 summopere
1084 2312 1273 2399 Sophoolem
1296 2333 1425 2399 operam

301 2430 426 2496 dedisse
457 2437 493 2495 ut
524 2452 576 2495 eas
610 2452 659 2495 res
690 2430 818 2516 penitus
850 2433 1052 2514 cognosceret
1075 2447 1155 2513 quas
1179 2428 1212 2490 in
1236 2426 1354 2490 fabulis
1377 2448 1440 2516 rey

301 2544 425 2629 spioiat,
460 2550 556 2630 atqua
590 2544 790 2630 singulorum
824 2542 991 2608 hominum
1023 2561 1157 2605 munera
1180 2542 1211 2605 ei
1234 2561 1362 2627 prorsus
1384 2541 1441 2650 ab&

303 2659 391 2725 omni
413 2664 503 2746 parte
526 2666 601 2725 nota
623 2659 733 2725 fuisse.
1439 2655 1447 2774 '¹l

346 2772 492 2838 Solemus
515 2795 625 2839 omnes
647 2773 687 2837 ad
711 2779 833 2838 eertum
857 2764 1011 2858 temporis
1035 2772 1174 2858 spatium
1194 2771 1264 2836 sive
1284 2792 1424 2836 momen·

301 2891 371 2949 tum
405 2885 619 2951 denotandum
653 2886 818 2950 nominare
853 2906 904 2950 res
939 2905 1023 2971 qnae
1056 2884 1173 2950 ootidie
1204 2884 1314 2950 eadem
1346 2883 1425 2949 hora

301 2999 444 3082 redeunt,
465 3007 561 3087 atque
585 2999 747 3086 imprimis
771 2998 994 3096 Μίτραν
1008 2998 1171 3085 estnpud
1259 2999 1322 3064 'os
1374 3000 1424 3064 ui·
1466 2989 1495 3092 ἦ

302 3113 361 3177 bus
396 3113 443 3179 sol
478 3115 593 3178 unious
628 3113 695 3178 fere
728 3113 881 3199 temporis
916 3111 1016 3177 index
1039 3119 1097 3194 est,
1121 3111 1198 3176 dum
1222 3113 1292 3176 ruri
1314 3112 1425 3198 prooul

300 3227 393 3292 domo
415 3226 549 3310 absunt3
573 3227 671 3291 etiam
695 3227 798 3311 magis
822 3225 875 3291 hio
898 3248 976 3290 usus
1000 3226 1070 3290 sine
1093 3225 1192 3291 dnbio
1216 3227 1319 3291 valuit
1337 3226 1422 3313 apud

301 3340 421 3426 priscas
455 3347 566 3425 gentes
600 3339 719 3425 quibus
754 3339 967 3404 instrumenta
1000 3340 1196 3404 aoouratiora
1224 3339 1265 3402 ad
1295 3347 1423 3427 tempus

301 3452 551 3538 eognosoendnm
575 3452 714 3518 deerant.
739 3440 898 3517 Matutino
921 3460 1063 3538 tempore
1088 3453 1177 3517 verbi
1196 3453 1300 3538 gratia
1319 3461 1422 3541 pasto-

301 3587 361 3647 res,
387 3567 581 3652 simulatque
605 3565 823 3651 expergefacti
843 3572 927 3648 sunt,
952 3567 1058 3651 peoori
1080 3565 1235 3652 pabulum
1258 3567 1421 3652 praebent.

302 3677 412 3743 Huius
444 3700 522 3743 usus
553 3700 672 3764 gnarus
697 3677 869 3765 Sophocles
891 3679 1033 3765 aliquem
1057 3679 1154 3743 verba
1179 3679 1347 3745 facientem
1373 3683 1422 3744 in-

301 3793 398 3876 duoit,
422 3795 480 3880 qui
503 3800 540 3857 ut
564 3793 684 3858 indioet
707 3794 791 3879 quod
816 3815 942 3858 summo
966 3813 1059 3858 mane
1082 3797 1203 3858 factum
1224 3800 1421 3882 est‚tempus

301 3909 346 3973 sio
369 3907 482 3972 definit
504 3907 618 3993 fragm.
643 3909 725 3970 445:

521 4070 628 4141 ἒαίννὸς
651 4071 708 4149 γαρ
732 4070 803 4146 τρίν,
817 4071 870 4133 τιν’
895 4072 1020 4133 αὐλιτῶν
1042 4070 1117 4155 dada,

522 4183 626 4246 θαλλὸν
651 4183 780 4266 χιμαίρᾳ
804 4183 969 4263 προσφέρων
993 4184 1150 4269 vernantia,

521 4291 594 4360 ridor
618 4297 740 4376 στρατὸν
762 4295 922 4376 στείχοντα
944 4296 1092 4377 παραλίαν
1114 4296 1214 4378 νίκραν.

300 4445 349 4510 of.
374 4447 423 4512 El.
451 4449 570 4534 lisqq.
