3500 5375
869 712 890 775 2
1009 763 1013 774 .

313 903 401 962 tanta
423 897 665 985 pulchritudine
687 905 840 985 tantaque
863 904 1032 965 venustate
1055 899 1212 982 eluceant,
1236 905 1273 964 ut
1294 898 1442 963 homines

313 1010 442 1076 delicati
461 1011 580 1098 judicii
602 1012 643 1076 ad
667 1033 704 1079 ea
727 1034 892 1078 recurrere
914 1012 1091 1078 identidem
1114 1013 1234 1079 lubeat.

356 1124 482 1212 Operae
515 1128 656 1213 pretium
680 1127 782 1212 igitur
805 1148 875 1192 esse
898 1126 1027 1192 videtur
1050 1128 1121 1213 ejus
1144 1126 1324 1213 tragoedias
1347 1134 1443 1213 atque

312 1238 495 1304 fabularum
520 1239 719 1326 perditurum
739 1240 920 1325 fragmenta
938 1240 1143 1325 perscrutari,
1163 1248 1200 1305 nt
1219 1260 1444 1325 pernoscamus

312 1354 382 1439 ejus
404 1353 556 1417 orationis
580 1353 771 1436 ubertatem,
795 1354 885 1419 varia
913 1352 1041 1418 dicendi
1061 1373 1189 1438 genera,
1202 1353 1296 1439 plura
1308 1352 1444 1417 artificia

312 1466 446 1552 poetica,
470 1465 557 1531 unde
580 1472 733 1553 appareat
755 1473 877 1553 quanta
900 1473 932 1532 et
955 1487 1064 1531 rerum
1083 1473 1116 1531 et
1128 1466 1308 1551 imaginum
1320 1466 1444 1531 auctori

315 1586 440 1666 praesto
471 1580 571 1645 fuerit
605 1582 720 1662 ,melle
742 1580 887 1645 dulcior'’
912 1579 1119 1662 abundantia,
1143 1600 1208 1665 qua
1230 1585 1443 1666 spectatorum

312 1693 436 1758 animos
477 1692 664 1777 devinciret,
699 1699 731 1759 et
765 1699 962 1780 quantopere
996 1691 1192 1757 Graecorum
1228 1691 1444 1757 divitissimus

313 1828 417 1872 sermo
441 1814 553 1893 poetae
575 1807 793 1890 inserviverit,
816 1813 853 1871 ut
877 1807 981 1894 ipsius
1000 1808 1118 1871 mentis
1140 1806 1348 1891 cogitationes
1360 1807 1444 1871 clare

312 1928 345 1986 et
366 1921 506 1986 dilucide
527 1921 602 1986 aliis
624 1922 913 2005 adumbrarentnr3
937 1942 1042 2007 neque
1065 1921 1182 1985 inutile
1201 1921 1265 1985 erit
1276 1920 1440 1985 interdum

312 2036 396 2100 locos
419 2036 588 2101 observare
610 2058 748 2122 quorum
773 2036 936 2101 Homerus
960 2035 1031 2100 fons
1054 2041 1111 2099 est.

357 2149 519 2215 Homerus
550 2157 644 2215 notus
676 2157 724 2215 est
753 2155 884 2237 propter
915 2150 1190 2236 comparationum
1215 2169 1321 2231 usum,
1346 2169 1443 2234 quem

312 2263 410 2326 etiam
430 2261 603 2349 Sophocles
618 2263 790 2328 admodum
804 2263 944 2329 amavit:
957 2285 1015 2350 per
1026 2263 1281 2349 comparationes
1292 2283 1331 2326 ac
1341 2268 1444 2325 trans-

312 2376 447 2441 lationes
478 2378 676 2443 carminibus
706 2379 775 2442 suis
802 2378 984 2465 simplicem
1008 2382 1209 2442 venustatem
1234 2376 1393 2463 adsparsit
1407 2378 1443 2460 ¹).

358 2490 476 2555 Nautis
499 2492 648 2577 agricolis
672 2492 891 2575 venatoribus,
916 2492 1147 2557 mercatoribus
1169 2512 1298 2576 quoque
1321 2496 1353 2555 et
1371 2512 1443 2577 pas-

312 2607 435 2671 toribus
459 2614 491 2672 et
513 2607 624 2691 fabris,
647 2608 798 2674 omnibus
820 2607 960 2695 denique
979 2628 1071 2672 suam
1093 2607 1255 2695 propriam
1276 2611 1377 2670 artem
1390 2605 1444 2670 hic

313 2720 422 2786 illicve
454 2728 528 2786 ante
557 2723 665 2788 oculos
696 2723 864 2809 depinxit3
888 2723 1031 2788 civitatis
1055 2723 1204 2787 instituta
1228 2742 1291 2785 non
1315 2720 1442 2825 omisit,

313 2836 463 2922 plurimis
487 2836 564 2931 locis
588 2837 691 2924 ipsam
715 2843 864 2901 naturam
889 2837 1031 2924 respicit,
1050 2843 1148 2923 atque
1167 2855 1262 2922 saepe
1284 2834 1444 2898 humanae

313 2949 399 3013 vitae
423 2950 613 3015 mutabilem
638 2951 859 3016 condicionem
883 2958 1047 3037 comparat
1070 2971 1145 3015 cum
1163 2950 1244 3037 ipsis
1263 2949 1340 3031 illis,
1361 2969 1444 3034 quae

312 3069 428 3127 natura
450 3084 536 3130 nunc
558 3066 672 3130 suavia
695 3086 782 3129 nunc
805 3065 964 3130 horrenda
987 3065 1149 3152 importat.

355 3175 491 3262 Singula
513 3179 692 3244 accuratius
715 3180 909 3266 perlustrare
932 3180 1133 3265 propositum
1157 3184 1215 3243 est.

319 4269 463 4280 .-----

351 4363 379 4426 l)
402 4361 441 4412 Cf.
469 4357 570 4409 Lucclr:
596 4356 627 4405 de
653 4355 876 4419 comparationum
901 4359 928 4404 et
952 4353 1154 4403 translationum
1180 4366 1230 4401 usn
1257 4351 1397 4416 Sophocleo
1414 4353 1446 4404 11.

318 4454 379 4520 Peg.
396 4451 438 4512 10,
456 4454 546 4500 annot.
562 4445 587 4496 3.
