3500 5375
864 649 904 717 19

361 839 410 905 De
453 840 548 906 verbo
584 840 703 905 ιἰντκεῖν
738 842 864 929 copiose
900 841 1053 907 disseruit
1087 841 1251 907 Radthius
1265 843 1308 927 ¹);
1345 846 1442 928 atque

317 954 425 1041 plures
460 956 604 1020 notiones
639 977 721 1041 quae
757 956 834 1021 huic
866 957 963 1021 verbo
993 956 1124 1022 subesse
1148 964 1289 1044 possunt,
1313 955 1443 1021 aliunde

317 1068 521 1153 conquisivit.
546 1068 645 1155 Apud
671 1068 860 1156 Sophoclem
887 1070 987 1135 semol
1004 1076 1130 1136 tantum
1144 1070 1264 1156 legitur
1274 1069 1323 1134 El.
1340 1071 1442 1133 1290:

317 1178 466 1261 ποιτρῴοιν,
489 1188 590 1254 κτῆσιν
626 1180 762 1259 Αἴγισθος
798 1182 894 1259 δόμων
925 1184 1039 1251 dvalai.
1064 1183 1311 1249 Substantivum
1335 1183 1444 1247 ἀντλίοι

317 1294 508 1380 simpliciter
531 1296 690 1361 sentinam
714 1295 841 1362 denotat
865 1296 953 1361 Phil.
977 1298 1053 1361 482.

362 1406 524 1489 Notabilis
548 1416 596 1474 est
619 1411 805 1497 metaphora
829 1411 945 1497 fragm.
970 1413 1035 1475 650
1048 1414 1082 1475 b:

494 1568 514 1633 ὦ
538 1574 635 1652 πρῷροι
658 1573 760 1651 λοιβῆς
785 1574 901 1646 Ἑστιόι,
926 1574 1021 1643 κλύεις
1044 1575 1125 1649 addar

317 1739 349 1797 et
373 1731 570 1819 adjectivum
594 1734 764 1814 ἀντίπρῳροι
790 1734 905 1801 Trach.
930 1737 1012 1799 223:

495 1898 561 1961 τάδ’
586 1900 749 1979 ἀντίπρῳρα
774 1900 808 1973 δή
834 1924 875 1963 σοι

494 2012 615 2087 βλέπειν
639 2014 760 2091 πάρεστ’
785 2016 901 2093 ἐνκρνῆ.

361 2174 488 2237 Ancora
511 2177 696 2240 nominatur
720 2175 835 2260 fragm.
860 2177 942 2239 612:

496 2338 569 2400 ἀλλ’
593 2338 647 2401 εἶσὶ
671 2336 761 2417 μητρὶ
785 2339 895 2409 naides
922 2343 1046 2418 ιἰγκνροιι
1069 2337 1144 2415 βίον.

362 2499 411 2564 Of.
444 2500 619 2587 Oedipodis
644 2502 742 2565 verba
766 2500 832 2565 OO.
861 2501 923 2564 148
947 2501 1022 2564 κοὶιιὶ
1047 2508 1175 2578 σμικροῖς
1199 2500 1297 2576 μένοις
1322 2498 1440 2578 ὥρμουν,

316 2613 374 2678 ubi
409 2613 440 2676 N
443 2614 580 2678 auckius
615 2614 723 2702 plures
758 2614 841 2678 locos
877 2613 981 2697 affert,
1014 2635 1150 2700 quorum
1186 2612 1371 2701 metaphora
1401 2613 1441 2678 ab

314 2727 438 2793 ancoris
461 2729 561 2814 petita
584 2734 641 2793 est.

360 2839 604 2906 substantivum
629 2843 745 2917 νοικήνν,
770 2840 962 2926 simpliciter
984 2841 1126 2926 quietem
1142 2840 1267 2905 'indicat
1285 2840 1335 2904 El.
1356 2842 1438 2904 899:

492 2993 520 3054 ἐν
543 2992 659 3071 νοιλήνιρ
685 2993 773 3054 πάντ’
799 2993 953 3070 ἐδερκόμην
976 2991 1074 3057 τόπον.

359 3140 450 3205 Siout
472 3143 580 3206 nautis
604 3144 848 3229 tempestatibus
871 3151 903 3208 et
923 3143 1017 3207 undis
1030 3145 1143 3228 gravia
1154 3144 1313 3230 perpessis
1321 3144 1439 3229 jucun-

314 3253 374 3318 dus
398 3260 446 3318 est
468 3261 578 3342 portus
601 3256 658 3341 qui
682 3256 818 3321 salutem
842 3257 1004 3342 praebeat,
1025 3256 1147 3320 homini
1168 3255 1323 3341 gaudium
1336 3254 1438 3338 affert,

314 3389 416 3453 quum
440 3369 536 3433 amioi
560 3369 637 3433 dum
662 3369 778 3434 adsunt
791 3370 936 3435 laborum
950 3377 982 3435 et
996 3370 1145 3434 miseriae
1157 3369 1438 3456 periculorumque

314 3481 489 3546 obliviosus
523 3483 715 3568 quiescendo
750 3483 835 3548 vires
871 3483 1045 3547 exhaustas
1076 3490 1196 3547 recreat
1227 3483 1439 3568 animumque

314 3594 514 3661 deficientem
537 3597 664 3662 solaciis
686 3596 809 3660 firmari
832 3597 928 3679 sinit3
953 3596 1030 3660 haec
1053 3598 1139 3661 notio
1163 3597 1247 3660 inest
1270 3597 1303 3659 in
1327 3597 1439 3660 Aiacis

314 3710 422 3775 verbis
445 3710 500 3774 Ai.
526 3710 589 3774 683
614 3711 754 3788 ἑταιρείας
778 3711 876 3784 λιμήν.
903 3707 952 3772 Of.
977 3708 1016 3772 Il.
1042 3707 1103 3790 XI,
1129 3710 1211 3773 792:

493 3861 536 3930 τίς
562 3861 640 3924 note'
665 3858 691 3922 sl
711 3859 759 3923 κέν
786 3872 827 3923 For
851 3859 902 3922 σὺν
927 3859 1041 3933 δοιίμονι
1065 3860 1153 3933 θυμὸν
1176 3859 1277 3937 ὅρι’νοιις

492 3975 677 4054 πκροειπώνς
701 3974 800 4050 apoll
824 3974 855 4037 δὲ
879 3972 1063 4049 ιιοιροιίφοιοίς
1088 3974 1166 4035 ἐστιν
1189 3973 1309 4052 ἑτοιίρον.

359 4123 495 4189 Accedit
517 4123 587 4188 OR.
613 4125 716 4188 1208:

349 4385 374 4449 l)
393 4385 430 4435 lb.
449 4400 504 4450 pag.
521 4383 562 4435 ll.
