3500 5375
844 702 886 765 53

300 892 414 971 κούφας
438 890 605 969 ἀφροσύνας
628 888 729 967 φέροις
754 886 794 951 cf.
819 872 873 950 Αἰ.
900 887 980 951 558:
1000 887 1116 966 κούφοις
1136 885 1284 961 πνεύμασι
1303 884 1422 961 βθοκον.

345 1002 565 1089 Tempestates
589 1023 663 1065 cum
686 1000 755 1063 ruri
772 1000 872 1063 vitam
894 998 1085 1084 degentibus
1104 1003 1174 1062 tum
1193 997 1300 1062 nautis
1312 996 1422 1080 magni

301 1117 453 1181 momenti
476 1121 560 1197 suut,
585 1135 688 1200 neque
711 1114 831 1177 mirum
855 1118 902 1177 est
926 1110 1115 1199 Sophoclem
1138 1111 1179 1175 ab
1204 1111 1244 1174 iis
1265 1110 1422 1195 imagines

298 1230 421 1316 aliquot
444 1234 626 1293 mutuatum
649 1248 727 1292 esse.
752 1224 1064 1307 Querituruleotra,
1084 1231 1253 1311 postquam
1274 1222 1421 1288 Orestam

299 1344 417 1408 obiisse
452 1342 635 1407 nuntiatum
667 1347 723 1423 est,
754 1362 788 1404 se
811 1359 912 1405 vanae
934 1340 1003 1424 spei
1026 1337 1122 1403 fidem
1145 1336 1313 1421 habuisse;
1337 1357 1422 1400 nunc

299 1458 407 1521 omnia
428 1476 510 1543 quae
529 1455 780 1540 exspectavisset
792 1452 884 1516 irrita
896 1452 1013 1536 fuisse3
1027 1451 1192 1517 meliorem
1204 1445 1421 1515 condicionem

298 1570 442 1634 futuram
465 1569 558 1655 quasi
581 1588 644 1631 uno
668 1566 746 1629 flatu
770 1566 877 1630 subito
901 1572 987 1630 ortae
1007 1564 1164 1651 procellae
1176 1565 1277 1628 instar
1288 1562 1421 1628 Orestae

300 1705 383 1748 mors
407 1681 616 1764 disturbavit3
642 1703 688 1743 vs.
714 1680 817 1743 1149:

520 1847 567 1905 νύν
590 1844 616 1906 δ’
641 1841 792 1906 ἐκλέλοιπε
814 1842 900 1905 ταῦτ’
924 1842 953 1905 ἐν
977 1841 1072 1924 ἡμέρα
1095 1846 1151 1922 μιᾷ

520 1957 631 2019 θανύνπι
653 1954 705 2018 σύν
729 1978 782 2018 σοι·
805 1955 907 2017 ποθνπα
930 1954 989 2033 γαρ
1012 1954 1203 2034 συναρπάσας

520 2069 615 2132 θύελλ’
640 2067 715 2139 ύποις
739 2066 888 2145 βέβηκας.

343 2220 407 2285 Per
440 2219 658 2306 metaphoram
694 2240 712 2284 e
743 2218 839 2283 rebus
870 2218 1043 2282 maritimis
1065 2218 1286 2304 depromptam
1311 2216 1419 2280 θύελλα

299 2335 382 2399 inter
405 2334 515 2398 mortis
539 2353 650 2397 causas
672 2332 856 2397 nominatur
879 2329 946 2395 00.
973 2332 1075 2395 1658:

520 2488 551 2549 ού
575 2484 632 2564 wip
655 2509 699 2557 πις
722 2484 811 2548 αὐτὸν
834 2482 900 2547 οὔτε
922 2486 1063 2563 πυρφόρος
1088 2484 1149 2547 θεοῦ

520 2597 651 2677 κεραυνὸς
674 2593 838 2675 ἐξέπραξεν,
863 2594 928 2660 ούπε
951 2596 1054 2659 ποντία

520 2712 628 2776 θύελλα
651 2713 797 2785 κινηθεῖσα
820 2711 859 2790 τῷ
883 2709 944 2773 πότ’
969 2711 997 2772 ἐν
1020 2707 1123 2789 χρόνῳ.

342 2859 449 2923 Etiam
472 2861 545 2924 aliis
569 2861 601 2923 in
626 2861 722 2924 rebus
745 2860 901 2946 procellae
925 2860 1031 2943 imago
1053 2858 1234 2940 adhibetur,
1256 2863 1292 2922 ut
1303 2858 1420 2922 descri-

210 2971 213 2976 ’
297 2974 392 3037 batur
425 2975 453 3037 si
488 2973 566 3060 quid
600 2973 794 3039 horrendum
830 2981 879 3039 est
913 2975 982 3038 sive
1012 2974 1115 3037 nimio
1144 2973 1268 3059 impetu
1299 2973 1332 3035 iu
1364 2993 1421 3037 nos

297 3084 429 3149 invadit.
467 3087 521 3150 Αἰ.
547 3088 628 3150 206:
654 3089 751 3166 θολερῷ
775 3093 871 3150 κεῖται
894 3091 1018 3166 χειμῶνι
1043 3087 1177 3169 νοσήσας,
1200 3085 1287 3150 Phil.
1315 3087 1418 3151 1494:

296 3200 432 3280 χειμερίῳ
455 3201 548 3283 λύπαι.
878 3187 882 3193 ”

341 3312 461 3380 Eodem
493 3314 585 3379 modo
616 3315 750 3380 verbum
774 3314 930 3395 χειμάζειν
955 3319 1146 3401 usurpatur3
1170 3312 1350 3377 Philocteta
1372 3318 1418 3377 tot

297 3428 390 3491 malis
420 3435 571 3513 gravatus
599 3428 638 3492 de
668 3433 768 3492 semet
798 3428 868 3514 ipso
902 3450 947 3492 vs.
974 3428 1077 3490 1460:
1102 3427 1170 3502 ἐμοὶΙ
1189 3425 1415 3505 χειμαζομένῳ;

295 3542 368 3604 Laii
392 3541 533 3625 sanguis,
557 3543 613 3627 qui
638 3549 685 3606 tot
707 3541 864 3605 malorum
889 3561 993 3632 causa
1007 3541 1110 3605 factus
1129 3547 1188 3623 est,
1207 3539 1326 3604 dicitur
1346 3539 1416 3604 ΟΒ.

299 3657 357 3719 101
393 3653 550 3734 χειμύζειν
574 3656 689 3729 πύλινς,
704 3654 779 3718 Ant.
805 3656 888 3718 392:
915 3662 982 3725 ταῖς
1007 3662 1075 3725 σαῖς
1098 3644 1255 3726 οὶπειλαῑςζ
1269 3648 1315 3726 αἷς
1338 3655 1418 3732 ε’χει-

296 3767 411 3844 μύσθνν
435 3767 511 3833 πθπε.

341 3879 519 3944 Ventorum
556 3881 686 3945 solitum
722 3902 834 3945 nomen
869 3887 917 3945 est
947 3885 1066 3958 πνεῦμα
1088 3879 1140 3944 El.
1164 3881 1238 3961 564,
1263 3879 1318 3946 Αἰ.
1345 3881 1419 3962 674,

297 3993 383 4057 Phil.
409 3995 485 4074 639,
511 3995 593 4076 643;
616 3994 769 4058 translate
793 3993 915 4059 dictum
939 4003 987 4058 est
1010 3992 1077 4060 00.
1104 3995 1185 4058 612:

518 4143 568 4207 acl
592 4149 712 4219 πνεῦμα
735 4145 843 4208 παύπύν
866 4143 964 4208 οὔποτ’
994 4143 1053 4208 οὔτ’
1078 4146 1106 4208 ἐν
1130 4145 1266 4223 ανδριθσιν
1341 4223 1345 4231 .

518 4257 614 4333 Φίλοις
638 4256 766 4333 βέβακεν
790 4255 855 4321 ούπε
880 4258 947 4336 πρὸς
971 4256 1054 4320 πόλιν
1077 4258 1167 4320 πόλει.

296 4411 416 4484 πνεῦμα
451 4407 504 4472 hic
536 4407 652 4473 mentis
684 4408 932 4472 mutabilitatem
956 4413 988 4473 et
1009 4407 1173 4473 levitatem
1198 4407 1336 4490 denotat,
1361 4408 1420 4472 ali·
