3500 5375
875 716 937 778 126

329 898 418 965 Phil.
447 900 530 964 823:
555 900 634 979 ἱδριθς
658 898 694 977 γέ
717 899 763 964 τοί
783 886 823 964 νιν
846 904 907 963 κᾶν
931 897 1116 980 καταοτθζει
1140 899 1243 977 δέμας.

353 1010 420 1077 00.
446 1014 529 1077 501:
724 1015 755 1077 οὐ
780 1012 838 1092 γοδς
862 1012 899 1077 tv
922 1013 1009 1078 σθένοι
1033 1014 1141 1090 τούμὸν
1164 1013 1259 1089 δέμας

553 1125 657 1206 έρκμον
680 1123 772 1207 ἕρπειν
796 1127 855 1192 οὐδ’
882 1128 1039 1207 ὑφκγντοῦ
1062 1127 1146 1207 δι’χα.

375 1287 496 1352 Eadem
521 1309 594 1376 vox·
610 1287 708 1353 etiam
731 1287 905 1354 adhibetur
927 1287 967 1353 de
989 1310 1026 1353 eo
1050 1289 1107 1375 qui
1126 1286 1259 1352 adverso
1280 1287 1344 1352 lato
1365 1288 1459 1352 misc·

332 1421 399 1464 ram
424 1407 557 1466 mortem
582 1402 741 1483 occubuit,
767 1401 816 1466 El.
842 1403 903 1466 ci:

719 1567 721 1575 ’
756 1565 864 1641 τούμὸν
888 1566 925 1636 ὡς
949 1565 1014 1644 ἔρρει
1038 1563 1134 1642 δέμας

556 1678 719 1756 Φλογιοτδν
743 1676 797 1751 ἤδη
822 1677 873 1741 καὶ
897 1677 1181 1758 κατηνθρακωμένον,

333 1836 365 1891 et
407 1826 446 1891 de
481 1826 636 1914 Polynice
672 1848 769 1913 quem
806 1828 857 1893 vel
892 1834 1055 1892 mortuum
1092 1826 1267 1892 ulciscendi
1302 1828 1462 1913 cupiditas

333 1938 479 2005 Creontis
503 1940 717 2027 persequitur,
743 1940 820 2005 Aut.
846 1942 929 2006 206:

554 2094 605 2157 dciv
629 2091 654 2157 δ’
684 2094 818 2157 θθαοιτον
842 2092 986 2177 καὶπρὸς
1010 2094 1109 2156 οἰωνῶν
1133 2092 1228 2170 δέμας

554 2206 606 2270 καὶ
630 2206 697 2287 πρὸς
722 2211 811 2269 κυνῶν
834 2205 950 2270 ἐδεστὸν
973 2206 1101 2270 αἰκισθέν
1126 2207 1154 2270 τ’
1180 2206 1259 2278 ἰδεῖν,

336 2356 380 2420 ib.
424 2378 469 2421 ve.
512 2356 595 2419 902:
639 2354 809 2427 Πολύνεικες
851 2356 884 2419 τὸ
923 2356 971 2420 σδν
1008 2355 1102 2433 δέμας
1138 2355 1384 2436 περιστέλλοντας
1420 2353 1460 2417 cl.

334 2469 448 2555 fragm.
472 2470 548 2533 303.

378 2581 481 2648 Plane
511 2588 620 2647 contra
650 2583 790 2669 corporis
813 2582 957 2669 vigorem
982 2583 1143 2669 significat
1165 2583 1260 2661 δέμας
1284 2581 1351 2647 00.
1379 2583 1458 2645 110:

334 2699 365 2761 οὐ
389 2697 447 2778 γοδς
470 2698 504 2772 δὴ
532 2696 591 2761 τόδ’
616 2698 742 2777 ἀρχαῖον
767 2697 884 2776 δέμας;
908 2697 948 2762 cf.
973 2701 1052 2762 Ant.
1077 2698 1161 2762 945:

555 2846 630 2912 ἔτλα
652 2847 702 2911 καὶ
726 2846 853 2920 Δανοέας
876 2846 998 2928 οθοοένιον
1021 2853 1087 2930 φῶς

555 2959 690 3036 οὶλλοθξαι
713 2961 808 3039 δέμας
832 2963 860 3027 έν
884 2961 1076 3042 χαλκοδέτοις
1099 2965 1216 3035 αὐλαῖς.

378 3112 513 3178 Accedit
547 3112 686 3200 denique
721 3113 836 3178 Trach.
869 3114 953 3180 907:
989 3115 1012 3177 εἰ
1044 3113 1183 3193 βλέψειεν
1213 3115 1329 3179 οἰκετῶν
1353 3115 1458 3197 δέμας,

334 3248 430 3314 quem
465 3227 569 3293 locum
605 3228 702 3293 refert
737 3227 937 3293 Schmidtius
968 3227 1007 3292 ad
1040 3250 1092 3293 eos
1123 3227 1374 3294 unde·efficiunt
1397 3228 1459 3293 viri

335 3344 418 3408 ‹locti
442 3341 632 3406 Trachinias
655 3342 796 3407 fabulam
821 3363 885 3406 non
909 3342 1018 3406 eodem
1044 3341 1151 3407 studio
1171 3343 1343 3429 perfectam
1363 3348 1460 3428 atque

336 3457 466 3543 politam
499 3476 573 3520 esse
595 3462 626 3519 et
648 3455 788 3541 reliquas
806 3457 845 3540 ');
869 3456 909 3519 of.
935 3453 1026 3519 Ourt.
1049 3454 1109 3538 IV,
1134 3457 1187 3537 20,
1214 3457 1232 3518 6
1258 3456 1337 3520 vilia
1360 3454 1459 3541 capti·

336 3591 447 3635 vorum
472 3588 610 3655 corpora.

380 3681 482 3745 Dubii
506 3680 620 3768 plenus
643 3680 730 3745 locus
753 3687 802 3744 est
826 3680 941 3767 fragm.
966 3682 1041 3765 239,
1066 3684 1103 3746 3:

757 3835 857 3910 πρῶτος
881 3833 936 3909 μέν
959 3834 1104 3911 λαμοιρῖις
1126 3830 1162 3894 έιο

559 3944 789 4022 κεκλκμοέτωται
813 3948 906 4025 χῶρος
929 3945 1044 4016 εὐανθὲς
1068 3943 1173 4021 δέμας,

339 4089 484 4098 ,---

372 4179 399 4244 1)
424 4180 460 4229 lb.
488 4193 544 4243 pag.
567 4175 608 4227 19.
626 4174 853 4240 operaepretium
872 4183 1064 4242 etcomparare
1083 4177 1173 4242 tloppii
1193 4178 1268 4227 verba
1287 4178 1317 4227 ad
1337 4178 1404 4228 Phil.
1424 4194 1460 4229 rs.

337 4269 404 4320 1092
428 4271 496 4334 (pag.
519 4267 576 4334 17):
601 4267 786 4334 „Philoctetam
804 4272 830 4316 et
848 4250 974 4332 Oedipum
993 4267 1135 4318 Coloneum
1153 4274 1222 4317 certe
1239 4273 1353 4318 extreme
1371 4283 1459 4318 senec-

337 4367 394 4412 tute
419 4363 529 4425 scripsit,
552 4374 599 4410 nec
625 4359 709 4410 multo
733 4359 829 4409 distare
851 4361 884 4409 eb
901 4360 952 4409 illis
969 4360 1120 4409 Trachinius
1135 4359 1273 4409 verisimile
1289 4365 1341 4409 est:
1361 4366 1459 4411 utnon

338 4453 455 4502 dubitem
472 4454 603 4518 quin....
621 4450 768 4515 aliquidex
786 4451 924 4515 Euripideo
942 4467 991 4503 usu
1009 4456 1082 4516 poete
1100 4451 1293 4515 assumpserit.'’
