3500 5375
810 666 851 729 70

215 863 256 927 a!
318 853 410 919 Idem
434 854 570 919 renuisse
594 851 764 918 Nauohius
788 852 926 937 videtur,
949 854 1006 941 qui
1026 854 1077 919 Ill.
1098 856 1180 919 238:
1200 856 1229 918 ἕν
1252 856 1306 918 τίνι
1318 854 1398 918 τοῦτ’

273 968 400 1047 ἔβλαστ’
435 968 587 1048 ανθρώπων
623 968 770 1034 verterit:
809 967 904 1049 „kam
935 990 1009 1033 aum
1041 967 1220 1033 Voraohein
1246 969 1293 1033 als
1317 966 1399 1033 siue

276 1082 371 1164 „oder
394 1080 567 1167 Sataung.”

254 1268 255 1271 Ἴ
318 1195 433 1282 Neque
456 1193 508 1260 hia
530 1194 732 1281 refragantur
754 1194 899 1260 Ismenes
924 1196 1022 1261 verba
1045 1194 1124 1259 Ant.
1150 1197 1231 1290 563:

449 1360 479 1424 οὐ
502 1362 560 1440 γάρ
583 1361 650 1423 τοτ’
674 1355 761 1434 ὦναξ,
786 1360 846 1423 οὐδ’
870 1362 901 1431 ὃς
924 1360 960 1425 ἂν
984 1359 1117 1439 βλαστρ,
1142 1360 1221 1437 μένει

452 1478 515 1544 νοῦς
537 1481 599 1544 τοῖς
622 1478 719 1542 κακῶν
742 1473 927 1550 τροέσσονσιν,
952 1474 1022 1537 αλλ’
1048 1471 1211 1549 ἐξίσταται,

273 1636 432 1701 sententia
464 1637 551 1702 enim
586 1643 634 1702 est
667 1635 832 1702 hominem
865 1637 961 1702 rebus
991 1636 1135 1701 adversis
1166 1643 1336 1721 gravatum
1359 1636 1400 1701 ab

275 1750 378 1836 ipsius
401 1756 516 1814 natura
538 1750 724 1834 deflectere;
749 1751 788 1816 ef.
814 1749 881 1815 00.
909 1753 1032 1837 olasq.
1058 1752 1113 1816 Αἰ.
1139 1752 1202 1815 678
1215 1772 1284 1837 sqq.

319 1862 372 1926 Ad
395 1863 475 1927 alias
499 1885 549 1927 res
571 1863 711 1950 denique
729 1864 911 1941 βλαστάνειν
933 1864 1134 1945 transfertur,
1149 1888 1178 1930 v.
1192 1887 1218 1931 o.
1232 1862 1300 1931 00.
1315 1866 1399 1927 611:

275 1976 440 2053 βλαστάνει
474 1978 508 2062 δ’,
535 1979 679 2062 ἀπιστίας
713 1977 850 2042 notanda
885 1987 960 2044 sunt
995 1985 1158 2065 praeterea
1188 1978 1302 2063 fragm.
1336 1979 1399 2041 239
1425 2018 1428 2024 -

276 2089 485 2168 βλαστονροένν
510 2096 542 2155 et
564 2090 679 2176 fragm.
704 2092 764 2154 491
792 2090 1010 2165 βλαστανεσκε.

321 2200 565 2269 Substantivum
589 2196 720 2278 Ιβλοέστιρ
756 2203 877 2268 indicat
911 2203 1052 2268 hominia
1083 2206 1252 2290 originem,
1284 2203 1400 2268 Traoh.

276 2319 359 2382 381:
393 2317 472 2391 Ἰόλα
496 2319 641 2402 ἐκαλεῖτο,
666 2324 718 2391 mic
743 2320 847 2389 ἐκεῖνος
871 2319 991 2393 οὐδαμοὶ
1014 2319 1156 2394 βλάστας
1180 2320 1292 2403 ἐφώνει,
1317 2316 1401 2404 quod

276 2430 446 2497 seholiasta
469 2432 612 2518 explicat
636 2453 693 2517 per
715 2432 781 2503 τοὺς
805 2441 918 2510 ρονεῒςς
942 2432 982 2497 ο1.
1007 2430 1074 2525 00.
1098 2434 1181 2497 972:

454 2595 483 2665 ὃς
507 2594 572 2659 οὔτε
596 2593 739 2671 βλάστας
764 2619 807 2658 τιν
831 2596 991 2673 γενεθλίους
1015 2596 1134 2675 πατρός,

455 2713 485 2775 οὐ
509 2711 617 2788 ματρὸς
641 2705 730 2790 εἶχον,
754 2711 827 2774 αλλ’
850 2710 1008 2788 οὶγέννντος
1031 2711 1092 2774 τοτ’
1118 2736 1146 2782 ν.

277 2874 347 2939 OR.
372 2875 454 2938 Ill:
479 2873 582 2944 παιδὸς
605 2874 636 2937 δὲ
660 2873 801 2950 βλάστας
826 2875 856 2938 οὐ
882 2873 999 2952 διέσχον
1024 2873 1129 2953 ἡμέραν
1152 2882 1236 2953 τρεῖς.

321 2987 472 3073 Denique
494 2985 628 3062 βλαστός
652 2987 791 3052 occurrit
813 2986 928 3071 fragm.
953 2988 1018 3050 314
1031 3009 1068 3053 o:

455 3134 482 3212 ἦ,
496 3138 630 3215 βλαστὸς
654 3141 706 3203 οὐκ
729 3136 878 3215 ἔβλαστεν
902 3140 1090 3223 οὑτιχώριοςς

238 3271 248 3317 ¹²
322 3289 458 3374 Aooedit
487 3288 726 3355 substantivum
757 3288 849 3373 ἔρνος;
878 3291 1028 3355 novimus
1052 3289 1188 3354 Homeri
1211 3288 1251 3354 de
1273 3288 1404 3354 Aehille

250 3446 253 3503 »Ι
280 3405 377 3469 verba
399 3402 438 3467 Il.
461 3401 592 3480 XVIII,
617 3404 677 3466 68:
701 3402 862 3482 ἀνέδραμεν
886 3401 957 3481 ἔρνενΙ
975 3403 1157 3487 νῖσοοςείνο
1168 3404 1403 3489 comparatione

251 3506 259 3672 'p
279 3518 423 3604 Oedipus
446 3517 529 3580 filias
553 3516 728 3602 alloquitur
751 3514 817 3582 00.
846 3517 949 3579 1108:
973 3511 994 3578 ὦ
1017 3516 1143 3583 Φίλτατ’
1167 3515 1239 3596 ἔρνη.

324 3629 377 3696 Ad
408 3630 523 3695 herbas
553 3630 692 3716 pertinet
722 3629 856 3694 verbum
882 3629 1064 3702 ἀνατέλλειν,
1089 3637 1137 3695 est
1159 3631 1295 3695 verbum
1318 3639 1404 3695 tran·

279 3747 430 3811 aitivum:
455 3745 661 3827 submitter03
687 3745 814 3830 proprio
838 3765 933 3808 sensu
957 3744 1077 3830 legitur
1100 3744 1139 3808 Il.
1161 3743 1203 3827 V,
1229 3747 1310 3810 777:

456 3905 545 3961 τοῖσιν
569 3896 595 3959 δ’
621 3895 785 3974 ἀμβροσίην
809 3897 925 3972 Σιμόεις
948 3896 1078 3960 οὶνὲτειλε
1101 3895 1248 3975 νέμεσθαι.

324 4049 423 4136 Apud
455 4046 643 4134 Sophoclem
675 4047 795 4132 legitur
817 4047 970 4112 translata
992 4047 1227 4132 significatione
1250 4048 1318 4112 loeo
1341 4068 1404 4111 non

280 4165 320 4229 ab
351 4164 439 4229 omni
470 4170 559 4249 parte
589 4160 752 4248 expedito,
775 4161 833 4225 ubi
865 4160 1046 4226 Philocteta
1069 4182 1190 4244 areum,
1214 4182 1278 4248 quo
1301 4182 1404 4248 nuper

280 4279 425 4366 privatus
448 4281 507 4361 est,
530 4277 724 4363 alloquitur:
749 4277 781 4339 in
806 4283 968 4362 posterum
994 4296 1053 4360 ego
1076 4282 1108 4340 te
1130 4297 1193 4340 non
1213 4282 1295 4357 utar,
1315 4283 1348 4341 at
1368 4283 1403 4341 tu

279 4392 404 4458 videbis
428 4390 527 4476 (Phil.
554 4391 671 4474 1136):
1311 4382 1313 4386 ’
