3500 5375
866 721 908 783 60

319 910 499 994 Φλέγεπθρν;
533 909 607 974 vide
638 910 734 974 etiam
767 908 882 993 fragm.
914 909 998 971 320:
1022 906 1130 986 Φλέγει
1153 906 1184 970 δὲ
1209 908 1333 984 ρινκτνῖρ,
1358 903 1443 991 quod

319 1024 439 1087 dictum
463 1029 511 1088 est
533 1023 572 1088 de
596 1023 707 1104 tauris,
732 1023 789 1107 qui
812 1022 921 1106 ignem
946 1020 1078 1085 naribus
1103 1020 1220 1085 efflant.

365 1134 536 1200 Notionem
561 1135 745 1222 pestiferam
769 1134 931 1220 imprimis
953 1134 1095 1198 continet
1117 1132 1353 1196 substantivum
1378 1136 1443 1210 πῦρ.

318 1250 355 1312 ln
388 1247 553 1334 Oedipode
583 1248 674 1332 Rege
704 1246 818 1311 chorus
846 1247 1043 1333 Apollinem,
1066 1247 1123 1331 qui
1147 1266 1211 1309 una
1234 1266 1305 1310 cnm
1331 1245 1442 1308 Furiis

318 1361 392 1424 Laii
428 1360 619 1447 parricidam
656 1361 859 1445 persequitur
894 1368 926 1424 et
960 1361 1017 1446 qui
1051 1380 1126 1424 eum
1160 1365 1365 1423 assecuturus
1395 1366 1443 1421 est

317 1476 466 1561 quamvis
489 1476 654 1539 celerrime
676 1475 849 1559 aufugerit,
873 1476 948 1560 igne
972 1476 1162 1538 instructum
1182 1473 1277 1559 fingit
1298 1495 1343 1537 vs.
1358 1474 1440 1536 469:

540 1651 657 1723 ἔνοπλος
681 1653 739 1731 γαρ
762 1654 809 1715 ἐπ’
833 1653 923 1715 αὐτὸν
946 1648 1128 1731 ἕπενθρῴσκει

540 1772 606 1844 πνρῖ
630 1765 682 1828 καῖ
705 1764 894 1844 περιτταῖς-ὁ
919 1766 987 1836 Διὸς
1011 1763 1141 1840 γενέτας.

317 1937 356 2002 cf.
388 1938 467 2005 Ant.
503 1940 584 2003 127:
612 1940 724 2025 (Ζεὺς)
752 1941 857 2018 παλτῷ
883 1938 973 2018 ῥῖττει
998 1938 1071 2016 πνρῖ,
1097 1944 1129 2001 et
1151 1936 1345 2022 adjectivum
1371 1960 1440 2012 τνρ·

318 2048 403 2131 φόροι
426 2050 513 2116 Phil.
542 2053 635 2116 1198.
661 2052 739 2116 Ant.
767 2053 840 2115 135.
865 2050 936 2115 ΟΒ.
962 2052 1015 2132 27,
1039 2051 1114 2113 200.
1138 2047 1204 2113 00.
1230 2051 1281 2113 55.

362 2162 467 2228 Pestis
501 2164 646 2230 homines
682 2166 715 2228 in
750 2164 869 2230 Orcum
907 2165 1074 2229 demittere
1108 2163 1227 2227 dicitur
1256 2162 1326 2229 ΟΒ.
1362 2163 1464 2227 176;’

317 2284 444 2357 κρεῖσσον
468 2279 680 2355 ἀμαιμακέτου
700 2278 803 2362 nupia,
824 2278 863 2342 cf.
885 2278 963 2342 Ant.
986 2279 1068 2341 618:
1089 2278 1154 2356 πρὶν
1174 2276 1240 2356 πυρὶ
1261 2278 1352 2356 θερμῷ
1365 2278 1441 2340 πόδα

318 2413 361 2460 τις
385 2414 544 2471 τρισανσρ.

362 2500 531 2568 Translata
561 2504 795 2589 significatione
827 2524 942 2568 nomen
966 2503 1103 2568 occurrit
1126 2503 1183 2568 ubi
1208 2501 1438 2586 Philocteta,a

319 2614 528 2703 Neoptolemo
571 2617 732 2706 deceptus,
767 2626 935 2704 postquam
972 2617 1117 2682 fraudem
1153 2618 1329 2704 perspexit,
1365 2639 1439 2682 eum

318 2730 460 2816 increpat
484 2754 529 2797 vs.
554 2733 636 2796 927:
661 2728 681 2794 ὦ
705 2737 760 2810 πῦρ
784 2733 820 2796 σὺ
843 2731 895 2794 καῖ
919 2734 980 2794 τῖιν
1004 2731 1106 2807 δεῖμα.

361 2841 525 2908 Sentimus
556 2846 772 2927 acerbitatem,
803 2866 900 2931 quam
933 2844 1079 2910 Creontis
1103 2845 1200 2910 verba
1223 2847 1386 2910 continent
1408 2853 1440 2910 et

317 2959 473 3022 malornm
500 2960 752 3045 magnitudinem
779 2961 855 3024 Ant.
884 2961 963 3024 199:

538 3124 567 3192 ἴς
591 3131 646 3198 γῆν
670 3121 807 3201 πατρῴαν
830 3123 882 3186 καῖ
907 3123 982 3193 θεοὺς
1006 3123 1071 3193 τοὺς
1096 3125 1225 3200 ἐγγενεῖς

540 3236 644 3315 (doado
668 3238 816 3300 κατελθὼν
839 3236 961 3309 ἠθέλησε
985 3239 1040 3312 μὲν
1064 3239 1131 3315 πνρῖ

538 3355 645 3427 πρῆσαι
669 3349 736 3411 κατ’
761 3348 864 3427 ιῖκρας.

317 3506 366 3574 of.
399 3480 480 3575 Ano
508 3510 572 3572 aso
604 3506 673 3582 tic
701 3510 854 3595 epaon
878 3509 945 3574 ou.
972 3511 1055 3573 1319
1080 3512 1112 3574 e
1136 3511 1241 3587 Θιρπ
1264 3511 1341 3576 αα
1364 3513 1437 3592 δρι-

315 3627 382 3685 πειν
397 3623 471 3701 πυρί.

361 3732 461 3799 Hisce
490 3735 721 3801 adnectendum
750 3744 798 3802 est
820 3738 955 3802 verbum
979 3736 1076 3821 altro,
1100 3738 1185 3823 quod
1207 3739 1293 3824 apud
1317 3738 1438 3825 Sopho·

315 3848 395 3912 clem
420 3869 489 3912 raro
512 3850 648 3934 legitur3
674 3851 829 3915 habemus
853 3850 938 3914 Phil.
967 3852 1068 3914 1033:
1089 3850 1175 3915 αἴθειν
1196 3851 1263 3931 ἴεριῖ,
1285 3852 1340 3917 Al.
1355 3854 1437 3917 286:

315 3968 489 4040 λαμπτῆρες
525 3964 616 4026 οὐκέτ’
651 3959 723 4043 loon,
759 3962 844 4028 unde
874 3985 933 4049 per
963 3963 1182 4050 metaphoram
1212 3967 1360 4030 oriuntur
1383 3966 1438 4030 Αἰ.

319 4075 379 4138 147
415 4073 510 4139 αἴθωνι
542 4077 652 4156 σιδήρῳ,
689 4077 733 4143 ib.
770 4079 833 4140 222
869 4079 965 4159 αἴνὲρις
999 4077 1116 4151 αἴθριος,
1153 4079 1196 4143 ib.
1236 4082 1320 4144 1088
1355 4079 1439 4144 αἴθων

316 4190 483 4269 ὑβριστής.-

359 4302 508 4390 Denique
531 4306 677 4391 sequitur
702 4306 834 4388 verbum
859 4305 1017 4391 μαραίνειν,
1041 4307 1125 4393 quod
1149 4307 1294 4372 Lueokio
1313 4328 1332 4371 a
1352 4310 1439 4394 prin·
1459 4300 1463 4383 ἴ

313 4419 398 4504 cipio
420 4440 482 4483 non
506 4418 735 4504 exstinguendi
759 4418 813 4484 sed
837 4419 1082 4485 marcefaciendi
1105 4421 1266 4485 notionem
1287 4419 1438 4487 habuisse

908 4540 1023 4561 &mu-⁶...
