3500 5375
871 690 889 751 7

316 874 468 940 translate
491 873 613 939 dietum
637 876 774 941 occurrit
795 875 911 961 fragm.
938 877 1011 958 189,
1034 874 1210 940 seeundum
1232 873 1366 939 Suidam
1385 896 1443 961 pro

317 990 445 1051 ἀπειθεῖν
469 988 520 1051 καὶ
544 989 709 1051 ἀντιτείνειν
722 995 756 1068 1).

361 1099 453 1188 Equo
487 1086 651 1166 inmittere
685 1100 826 1166 habenas
862 1108 911 1166 est
940 1100 1027 1165 ίππον
1058 1101 1175 1173 ἀνιέναι,
1207 1100 1291 1187 quod
1316 1101 1444 1188 proprio

315 1234 411 1278 sensu
446 1214 567 1299 legitur
600 1214 651 1279 El.
689 1216 749 1277 721
789 1212 878 1288 δεξιόν
914 1216 942 1279 τ’
968 1213 1055 1287 ,ἀνείς
1086 1222 1207 1294 σειραῖον
1229 1212 1333 1289 ἱππονς
1358 1214 1443 1279 idem

316 1327 448 1413 respicit
469 1327 583 1415 opinor
605 1327 656 1392 El.
682 1330 768 1393 516:

492 1492 629 1568 ἀνειμένη
654 1493 719 1569 μὲν,
744 1494 781 1565 ὡς
805 1488 974 1565 irruam&
997 1492 1120 1573 στρέφῃ·

493 1607 524 1669 οὐ
547 1606 604 1687 χάρ
628 1605 749 1686 πάρεστ’
774 1604 911 1685 Αίχισθος
933 1604 964 1677 ἀς
987 1608 1016 1670 σ’
1041 1607 1141 1686 ἐπεῖχ’
1166 1606 1222 1673 ἀεί.

316 1789 417 1854 quum
443 1768 540 1833 etiam
565 1769 699 1837 verbum
722 1772 826 1850 ἐπεῖχε
849 1769 961 1835 eodem
982 1790 1041 1835 nos
1063 1769 1202 1855 releget5
1221 1768 1262 1834 ef.
1283 1770 1339 1833 Αἰ.
1359 1771 1423 1834 847
1434 1793 1441 1835 :

317 1884 450 1972 ἐπισχὼν
472 1884 652 1964 χρυσόνοιτον
676 1885 766 1958 ἀνίαν.

360 1994 450 2061 Idem
482 1997 689 2084 participium
723 1998 859 2062 recurrit
889 1996 968 2061 Ant.
995 1998 1034 2059 57
1039 1999 1069 2081 9,
1093 1996 1152 2061 nbi
1174 2003 1282 2062 tamen
1306 1996 1442 2062 minime

316 2117 364 2176 est
386 2110 591 2197 rogitandum
616 2110 655 2176 de
677 2112 913 2198 comparatione
936 2132 1010 2176 eum
1033 2110 1177 2175 inmissis
1200 2110 1352 2176 habenis:

736 2256 768 2325 εὖ
791 2262 822 2326 δὲ
844 2262 938 2331 τάσδε
963 2262 1021 2342 χρῆ

284 2395 335 2473 ff
493 2382 640 2454 γυναῖκας
663 2371 722 2439 ι’λαι
746 2376 818 2453 μηδ’
844 2374 1001 2453 ἀνειμένοις
1024 2377 1085 2443 ε’ἀν.

360 2526 544 2613 Opponitur
564 2525 651 2591 enim
675 2526 811 2591 verbum
836 2521 908 2599 ἶλαι,
933 2526 974 2591 ef.
999 2525 1059 2590 Od.
1081 2524 1160 2608 VII,
1186 2527 1269 2590 359:

493 2673 529 2750 ὦς
553 2679 659 2742 remen
682 2678 797 2756 δεσμῶν
821 2678 877 2758 σφ’
901 2678 972 2742 ἀνίει
995 2676 1081 2756 με’νος
1105 2678 1291 2758 Ἡφαίστοιο.

360 2826 486 2893 Deinde
528 2827 685 2893 habemus
719 2827 833 2914 fragm.
871 2830 933 2892 159
969 2829 1158 2903 ἐπισειοθσης·
1192 2830 1440 2907 ε’πικελενομέννς,

316 2942 375 3006 ἀπὸ
397 2947 453 3005 τῶν
476 2943 532 3014 τοῖς
557 2942 637 3014 ἡνίας
661 2943 885 3027 ἐπιχαλιθντοιν,
908 2948 941 3009 ei
963 2942 1041 3008 Ant.
1068 2945 1171 3007 1274:

493 3093 621 3167 ἔπαισεν,
644 3095 673 3159 ἐν
697 3095 723 3158 δ’
747 3093 854 3158 ἔσεισεν
878 3095 994 3174 ἀγρίαις
1016 3096 1088 3168 ὁδοῖς

315 3243 399 3329 qued
433 3243 635 3309 referendum
665 3250 713 3309 est
742 3244 782 3309 ed
813 3265 944 3331 quassas
966 3245 1108 3310 habenae
1133 3245 1271 3331 Qquibus
1294 3243 1440 3310 Oreona

319 3356 396 3439 „deo
426 3359 472 3421 ita
503 3357 676 3443 instigetur
698 3364 735 3422 ut
756 3364 909 3444 tanquam
933 3358 1030 3422 eiiato
1051 3379 1147 3422 eursu
1170 3357 1210 3422 ad
1233 3379 1345 3424 saevae
1367 3358 1439 3422 illas

319 3472 408 3553 „vias
437 3471 470 3535 h.
490 3492 518 3536 e.
542 3471 676 3535 eonsilia
698 3470 840 3536 feratur’
855 3474 891 3554 2),
914 3470 954 3536 ef.
977 3469 1028 3535 El.
1053 3472 1117 3533 712
1141 3471 1222 3546 ἡνίας
1245 3478 1342 3551 χεροῖν
1366 3471 1438 3535 ἔσει-

315 3608 381 3651 σαν.
414 3582 496 3648 Oum
520 3585 591 3656 ὁδοῖς
614 3585 681 3649 soil.
706 3583 918 3661 βονλενμοίτων
943 3584 1121 3670 comparari
1143 3590 1277 3671 possunt
1300 3583 1370 3649 ΟΒ.
1397 3586 1436 3648 67

316 3697 431 3769 πολλάς
462 3699 488 3762 θ’
520 3697 599 3769 ὁδοὺς
629 3696 749 3760 ἐλθόντα
772 3697 925 3776 Φρονπίδος
950 3696 1071 3768 πλάνοις
1096 3704 1129 3762 et
1151 3695 1218 3761 00.
1244 3699 1308 3761 316
1332 3698 1437 3776 χνοίμν

316 3816 427 3892 πλανᾷ.

361 3925 510 4012 Denique
532 3923 845 3990 commemorandum
870 3931 919 3990 est
942 3925 1056 4011 fragm.
1082 3926 1163 3988 712:

494 4083 609 4140 πολλῶν
631 4081 762 4155 χαλινῶν
785 4073 865 4156 ἔργον
888 4074 990 4140 ἀοίκων
1013 4076 1037 4139 θ’
1061 4073 1139 4153 ἅμα.

318 4245 460 4255 -a--...-.-

349 4339 377 4402 1)
395 4339 434 4390 Cf.
451 4339 537 4390 Lueck
554 4339 590 4388 ih.
608 4338 628 4402 1,
644 4351 700 4402 pag.
718 4335 741 4388 7.

350 4429 379 4496 2)
396 4431 482 4482 Lueck
499 4432 534 4482 ib.
551 4431 571 4496 1,
589 4445 645 4496 pag.
662 4426 703 4479 10.
