3500 5375
861 727 904 789 23

318 918 372 976 tur
394 913 513 999 optime
536 913 685 979 convenit
705 935 750 977 vs.
774 914 858 976 1160
871 934 955 999 sqq.:
977 911 1068 990 Κρέων
1080 911 1138 990 γὰρ
1150 906 1183 983 ἦν
1195 910 1323 990 ζηλωτός
1337 935 1364 976 κ.
1373 934 1401 976 τ.
1410 925 1440 976 λ.

363 1024 416 1089 Sic
439 1025 595 1091 habemus
620 1049 664 1093 vs.
691 1021 910 1090 115641159
932 1026 1014 1090 hauc
1037 1025 1245 1089 sententiam:
1270 1045 1310 1089 ne
1330 1044 1441 1110 quem·

317 1159 413 1225 quam
437 1139 547 1205 laudes
571 1146 699 1227 propter
722 1140 847 1205 beatam
873 1140 959 1206 vitae
982 1138 1218 1221 condicionem
1241 1137 1334 1203 beata
1354 1137 1440 1202 enim

316 1254 351 1317 in
375 1258 477 1339 pejus,
500 1253 618 1319 infelix
642 1260 751 1320 autem
775 1255 810 1317 in
834 1246 1094 1320 melius'mutari
1118 1253 1208 1317 solet.

362 1364 466 1453 Supra
498 1367 639 1433 vidimus
670 1367 858 1456 Sophoclem
891 1368 1019 1455 saepius
1042 1365 1083 1431 ad
1104 1365 1191 1431 idem
1214 1372 1440 1452 argumentum
1485 1376 1491 1383 ’

316 1502 495 1565 recurrere3
528 1482 642 1569 quodsi
666 1502 777 1548 verum
801 1489 859 1564 est,
883 1503 986 1548 meam
1010 1481 1305 1568 interpretationem
1328 1480 1440 1546 verbo-

316 1614 389 1657 rum
412 1593 516 1658 στάντ’
541 1598 578 1658 otc
602 1594 835 1681 quodammodo
858 1602 968 1661 tuetur
991 1595 1106 1682 fragm.
1132 1595 1216 1659 572:

540 1760 571 1823 οὐ
598 1760 654 1837 χρή
678 1759 744 1822 ποτ’
769 1752 800 1821 εὖ
823 1758 1001 1839 πράσσοντος
1025 1759 1143 1837 ὀλβίσαι
1166 1758 1266 1837 τύχας

538 1874 646 1952 ἀνδρὸς,
670 1872 735 1952 πρὶν
758 1874 838 1952 αὐτῷ
863 1877 1017 1943 παντελῶς
1040 1854 1093 1945 lta
1118 1872 1181 1949 βίος

539 1987 722 2065 διεκπερανθῇ
746 1984 797 2050 καὶ
821 1985 981 2065 τελευτήσῃ
1005 1984 1077 2062 βίον.

538 2100 567 2162 ἐν
589 2099 648 2177 γὰρ
671 2099 784 2178 βραχεῖ
803 2099 921 2163 καθεῖλε
943 2098 1058 2177 nauco
1079 2097 1173 2177 χρόνῳ

537 2211 735 2288 capracora
758 2212 846 2289 ὄλβον
869 2212 1005 2289 δαίμονος
1028 2215 1119 2276 κακοῦ
1142 2210 1228 2284 δόσις,

540 2323 609 2389 ὅταν
633 2334 769 2406 μεταττῇ
794 2326 845 2390 καὶ
869 2328 941 2396 θεοῖς
965 2326 1033 2406 δοκῇ
1057 2325 1138 2390 τάδε.

361 2485 474 2552 Restat
508 2489 642 2554 verbum
678 2489 875 2571 καταρρέπειι,
908 2488 993 2575 qnod
1026 2487 1166 2554 Lueckii
1189 2489 1438 2575 explicationem

315 2601 537 2668 commendare
561 2602 698 2686 videtur,
723 2602 805 2666 mihi
828 2609 936 2668 autem
957 2602 1122 2689 refragari.
1142 2602 1295 2669 Attamen
1316 2625 1378 2668 non
1397 2602 1456 2705 ab}

316 2716 404 2779 omni
427 2722 516 2802 parte
535 2716 724 2804 expeditum
745 2724 792 2782 est
803 2717 1211 2804 proptersignificationem
1224 2712 1455 2783 transitivam.

361 2830 459 2918 Apud
482 2852 592 2897 omnes
615 2833 813 2918 interpretes,
837 2853 974 2918 quorum
998 2853 1094 2919 opera
1119 2831 1201 2896 mihi
1225 2839 1350 2918 praesto
1369 2816 1457 2898 lue-¹

316 2952 401 3028 runt,
425 2944 484 3010 hac
506 2943 546 3011 de
569 2967 603 3010 re
626 2945 727 3009 altum
747 2945 910 3009 silentium
925 2950 990 3028 est;
1003 2965 1107 3032 neque
1120 2946 1222 3031 magis
1234 2944 1386 3011 Strurius
1402 2947 1437 3030 ¹),
1495 2937 1497 2942 ’

316 3060 372 3146 qui
407 3058 446 3124 de
477 3058 583 3124 verbis
613 3058 728 3124 activis
751 3059 956 3124 intransitive
979 3064 1011 3124 et
1034 3058 1073 3124 de
1095 3059 1310 3125 intransitiris
1333 3061 1436 3125 active

315 3171 409 3238 dictis
432 3173 602 3258 quaesivit,
626 3172 733 3257 tetigit
757 3171 892 3237 verbum
914 3172 1111 3251 καταρρέπειν.

360 3285 542 3374 Stephanus
564 3287 754 3372 scripturam
779 3285 942 3371 vulgatam
963 3291 1047 3350 recte
1065 3306 1134 3350 sese
1153 3285 1270 3351 hahere
1281 3286 1344 3371 ait3
1357 3307 1435 3373 qua-

315 3421 388 3466 cum
425 3399 632 3486 Musgravius
662 3405 824 3487 comparat
855 3397 1000 3485 Theogn.
1035 3400 1115 3464 157:
1140 3400 1210 3470 Ζεὺς
1234 3400 1267 3464 τὸ
1290 3403 1435 3465 τάλαντον

315 3514 463 3594 ἐπιρρέπει.

360 3626 476 3714 Neque
506 3628 609 3713 magis
631 3648 690 3713 ego
714 3627 849 3692 verbum
872 3647 930 3713 per
951 3647 986 3690 se
1007 3631 1185 3712 spectatum
1209 3626 1355 3712 molirer3
1380 3626 1435 3692 sed

316 3747 387 3828 post
420 3762 458 3806 ea
491 3762 573 3828 quae
602 3739 767 3828 disputavi
797 3739 932 3806 verbum
965 3739 1152 3819 καταρρέπειν
1175 3740 1234 3806 rix
1256 3741 1435 3826 genuinum

316 3876 385 3921 esse
415 3855 497 3918 mihi
526 3854 670 3940 videtur3
695 3860 780 3920 certe
803 3875 866 3920 non
889 3854 983 3920 facilc
1007 3860 1054 3920 est
1076 3854 1164 3919 dictu
1188 3856 1345 3942 quomodo
1368 3856 1436 3921 loco

316 3970 496 4056 imaginum
526 3990 545 4034 a
568 3971 663 4036 rebus
686 3970 824 4034 nauticis
846 3969 1086 4057 desumptarum
1112 3970 1207 4056 pleno
1229 3970 1336 4036 subito
1358 3993 1435 4059 pen·

317 4106 392 4151 sura
426 4085 632 4171 respiciatur3
664 4091 696 4149 et
726 4105 762 4149 eo
793 4085 897 4169 magis
929 4082 1081 4149 mendum
1113 4085 1212 4150 latere
1233 4084 1434 4170 crediderim,

317 4220 417 4286 quum
441 4199 510 4285 ipse
535 4195 706 4286 Sophocles
730 4196 887 4263 medelam
910 4197 1063 4285 praebere
1085 4197 1241 4263 rideatur.

353 4459 379 4525 l)
396 4460 459 4513 Lud„
477 4459 583 4510 Struve:
601 4459 632 4508 de
648 4451 758 4510 dictione
776 4459 908 4523 Sophoclis
926 4473 981 4524 pag.
997 4457 1096 4524 l9sqq.
