3500 5375
866 716 906 776 15

314 899 551 986 exspectavisse
584 898 761 965 Herculem
796 901 825 963 ἐν
857 902 897 980 τῷ
929 899 1055 980 πελάγει
1081 900 1161 970 ὄντα,
1185 901 1255 966 sive
1278 902 1440 967 interdum

313 1013 529 1098 navigantem.

359 1126 430 1193 Hoc
452 1150 553 1193 unum
577 1128 655 1193 satis
678 1134 803 1194 certum
827 1135 905 1212 erat,
928 1129 1083 1215 gravibus
1101 1129 1265 1194 laboribus
1285 1152 1359 1196 eum
1379 1131 1440 1194 im·

286 1227 288 1229 ¹
314 1241 418 1327 pediri
441 1242 613 1327 quominus
637 1242 768 1307 domum
793 1242 912 1308 rediret
920 1272 927 1319 ;
952 1243 993 1307 of.
1017 1265 1063 1308 vs.
1089 1244 1149 1307 43:

514 1406 621 1483 σχεδὸν
645 1406 671 1467 δ’
696 1405 863 1483 ἐπίσταμαί
884 1430 912 1468 τι
936 1406 1014 1482 πῆμ’
1039 1404 1150 1484 ἔχοντα
1173 1430 1212 1468 νιν

313 1498 346 1556 et
369 1493 430 1556 46:

512 1580 616 1649 κᾶστιν
639 1607 666 1646 τι
690 1584 776 1647 δεινὸν
800 1591 902 1660 πῆμα·
925 1583 1059 1655 τοιαύταν
1083 1583 1148 1660 ἐμοὶ

513 1696 613 1760 δέλτον
641 1698 732 1761 λιπὼν
755 1695 881 1776 ἔστειχε.

357 1858 437 1922 llam
461 1859 502 1924 ob
525 1881 664 1945 causam,
686 1862 808 1926 ratione
829 1860 940 1925 habita
959 1881 1070 1925 eorum
1082 1861 1224 1925 locorum
1236 1860 1295 1925 ubi
1306 1861 1446 1940 τέναγος,

312 1972 399 2037 vitae
421 1972 639 2039 condicionem
664 1974 828 2039 difficilem
849 1982 882 2039 et
900 1996 1033 2059 gravem
1053 1974 1196 2040 indicare
1216 1976 1368 2058 vidimus,
1381 1976 1440 2040 hoo

312 2106 440 2172 qnoque
474 2086 545 2151 locc
579 2089 724 2165 πελάγιον
759 2089 913 2153 translata
948 2088 1185 2173 significatione
1218 2088 1340 2153 dictum
1371 2110 1440 2155 esse

312 2200 419 2285 potius
452 2200 656 2281 crediderim,
687 2208 724 2265 ut
754 2200 794 2265 ad
825 2202 949 2267 labores
973 2202 1110 2267 Herculi
1133 2202 1314 2269 subeundos
1338 2210 1439 2269 trans·

311 2311 442 2377 feratur.
1079 2320 1082 2324 ’

355 2426 395 2489 In
427 2426 591 2513 Antigone
626 2427 774 2493 Haemon
810 2430 894 2515 patri
926 2429 1118 2515 persuadere
1150 2429 1257 2494 studet
1281 2436 1318 2494 ut
1339 2431 1438 2495 totius

311 2540 401 2606 urbis
424 2542 582 2607 voluntati
606 2541 706 2625 cedat,
731 2564 835 2629 nequo
859 2542 899 2607 de
922 2544 1059 2629 virgine,
1083 2565 1166 2629 quae
1186 2545 1315 2630 pietatis
1335 2544 1438 2608 officio

310 2656 455 2720 omnium
498 2656 748 2722 misericordiam
787 2657 925 2722 moverit
959 2662 1056 2744 atque
1091 2678 1110 2721 a
1143 2658 1267 2723 cunctis
1300 2659 1437 2747 summis
1527 2684 1530 2690 ¹

309 2769 461 2836 laudibus
484 2777 516 2835 st
539 2770 714 2835 honoribus
738 2771 837 2856 digna
858 2771 1025 2854 habeatur,
1050 2792 1168 2858 poenas
1188 2773 1318 2858 exigat3
1338 2772 1437 2836 nimis

309 2885 432 2971 potenti
455 2885 542 2950 enim
566 2885 713 2950 resistere
736 2885 953 2971 periculosum
977 2892 1042 2969 est;
1063 2887 1158 2951 arbor
1177 2887 1349 2958 incolumis
1367 2893 1437 2950 tan·

308 3004 378 3061 tum
413 3004 460 3062 est
493 2999 522 3062 si
555 3005 744 3084 tempestate
780 3005 929 3084 quassata
964 3021 998 3064 se
1029 2999 1173 3082 inclinat,
1205 2999 1289 3086 quod
1322 3001 1351 3065 si
1374 3021 1436 3066 non

308 3110 420 3176 fecerit
453 3112 553 3176 fracta
577 3112 717 3198 jacebit3
748 3111 863 3177 deinde
895 3114 1042 3199 sequitur
1065 3114 1172 3200 imago
1197 3135 1279 3200 quae
1302 3113 1342 3178 ad
1365 3135 1436 3179 nos-

295 3231 393 3290 trum
416 3232 643 3311 argumentum
668 3227 816 3314 pertinet,
842 3249 888 3292 vs.
907 3229 993 3304 ¹715:

508 3374 603 3448 αἷίτιις
627 3377 658 3440 δὲ
681 3377 747 3446 ναὸς
770 3375 848 3448 ὅστις
872 3379 1001 3455 ἐγκρατῆ
1025 3376 1104 3442 πόδα

507 3489 603 3560 τείνας
627 3489 734 3553 ὑπείκει
758 3490 860 3566 μηδὲν,
885 3491 995 3561 ὑπτίοις
1018 3490 1098 3554 κιίτα

508 3603 638 3682 στρέψας
661 3602 694 3667 τὸ
717 3603 815 3666 λοιπὸν
838 3602 986 3679 σέλμασιν
1009 3604 1205 3667 ναυτίλλεται.

352 3740 504 3806 Dubitari
539 3747 642 3827 potest
674 3740 713 3806 de
747 3740 855 3806 verbis
891 3743 923 3806 ri
958 3743 1001 3819 μὴ
1037 3743 1135 3806 τείνειν
1166 3743 1247 3821 ἄγαν
1278 3766 1325 3810 vs.
1359 3746 1434 3827 711,

307 3862 417 3920 utrum
452 3856 516 3920 huc
550 3857 647 3921 etiam
682 3856 862 3942 pertineant
897 3877 938 3919 an
973 3857 1076 3941 magis
1108 3856 1275 3922 referenda
1306 3859 1372 3922 sint
1394 3857 1435 3922 ad

307 3971 467 4056 sagittarii
490 3975 602 4048 artem,
627 3970 656 4034 si
678 3990 771 4035 arcus
792 3969 994 4054 intendatur3
1016 3969 1075 4034 hoc
1096 3969 1242 4035 Lueckio
1254 3971 1377 4056 placuit
1390 3974 1434 4055 1),

307 4083 456 4170 equidem
483 4084 590 4171 potius
613 4082 755 4148 dixerim
779 4084 876 4149 verbo
900 4084 997 4148 τείνειν
1025 4084 1092 4149 fere
1114 4084 1251 4170 eandem,
1271 4083 1434 4170 significa·

307 4199 426 4264 tionem
449 4197 652 4264 tribuendam
677 4219 745 4262 esse
768 4202 800 4262 et
822 4198 988 4262 νίντιτείνειν
1012 4220 1058 4263 vs.
1084 4199 1167 4261 714:

341 4457 368 4517 Ι)
387 4459 422 4508 ΙΙ).
441 4459 486 4521 ΙΙΙ,
503 4473 558 4524 pag.
574 4456 615 4508 ll.
