<?xml version="1.0" encoding="UTF-8"?>
<!DOCTYPE html PUBLIC "-//W3C//DTD XHTML 1.0 Transitional//EN"
    "http://www.w3.org/TR/xhtml1/DTD/xhtml1-transitional.dtd">
<html xmlns="http://www.w3.org/1999/xhtml" xml:lang="en" lang="en">
 <head>
  <title>
</title>
<meta http-equiv="Content-Type" content="text/html;charset=utf-8" />
  <meta name='ocr-system' content='tesseract 3.04.00' />
  <meta name='ocr-capabilities' content='ocr_page ocr_carea ocr_par ocr_line ocrx_word'/>
</head>
<body>
  <div class='ocr_page' id='page_1' title='image "./studiasophoclea00bosgoog_0040.png"; bbox 0 0 3500 5375; ppageno 0'>
   <div class='ocr_carea' id='block_1_1' title="bbox 860 717 902 778">
    <p class='ocr_par' dir='ltr' id='par_1_1' title="bbox 860 717 902 778">
     <span class='ocr_line' id='line_1_1' title="bbox 860 717 902 778; baseline 0 0"><span class='ocrx_word' id='word_1_1' title='bbox 860 717 902 778; x_wconf 80' lang='lat'><strong>28</strong></span> 
     </span>
    </p>
   </div>
   <div class='ocr_carea' id='block_1_2' title="bbox 312 903 1437 1220">
    <p class='ocr_par' dir='ltr' id='par_1_2' title="bbox 312 903 1437 1220">
     <span class='ocr_line' id='line_1_2' title="bbox 356 903 1437 991; baseline 0.001 -23"><span class='ocrx_word' id='word_1_2' title='bbox 356 903 410 968; x_wconf 84' lang='lat' dir='ltr'><strong>Ad</strong></span> <span class='ocrx_word' id='word_1_3' title='bbox 433 905 571 991; x_wconf 84' lang='lat' dir='ltr'><strong>priorem</strong></span> <span class='ocrx_word' id='word_1_4' title='bbox 596 905 777 991; x_wconf 81' lang='lat' dir='ltr'><strong>opinionem</strong></span> <span class='ocrx_word' id='word_1_5' title='bbox 802 904 959 970; x_wconf 88' lang='lat' dir='ltr'><strong>inclinare</strong></span> <span class='ocrx_word' id='word_1_6' title='bbox 981 905 1057 971; x_wconf 86' lang='lat' dir='ltr'><strong>licet</strong></span> <span class='ocrx_word' id='word_1_7' title='bbox 1077 906 1199 972; x_wconf 89' lang='lat' dir='ltr'><strong>ratione</strong></span> <span class='ocrx_word' id='word_1_8' title='bbox 1217 904 1329 970; x_wconf 86' lang='lat' dir='ltr'><strong>habita</strong></span> <span class='ocrx_word' id='word_1_9' title='bbox 1348 903 1437 969; x_wconf 91' lang='lat' dir='ltr'><strong>scho-</strong></span> 
     </span>
     <span class='ocr_line' id='line_1_3' title="bbox 312 1016 1437 1097; baseline 0.001 -16"><span class='ocrx_word' id='word_1_10' title='bbox 312 1018 440 1083; x_wconf 85' lang='lat' dir='ltr'><strong>liastae:</strong></span> <span class='ocrx_word' id='word_1_11' title='bbox 466 1022 603 1091; x_wconf 73' lang='grc' dir='ltr'><strong>τροπικῶς</strong></span> <span class='ocrx_word' id='word_1_12' title='bbox 627 1021 664 1089; x_wconf 80' lang='grc' dir='ltr'><strong>ὡς</strong></span> <span class='ocrx_word' id='word_1_13' title='bbox 687 1018 736 1082; x_wconf 76' lang='grc' dir='ltr'><strong>ἐπὶ</strong></span> <span class='ocrx_word' id='word_1_14' title='bbox 761 1022 816 1082; x_wconf 81' lang='grc' dir='ltr'><strong>τῶν</strong></span> <span class='ocrx_word' id='word_1_15' title='bbox 840 1016 1010 1092; x_wconf 74' lang='grc' dir='ltr'><em>τοξευόντων</em></span> <span class='ocrx_word' id='word_1_16' title='bbox 1033 1020 1115 1083; x_wconf 83' lang='grc' dir='ltr'><em>κατόν</em></span> <span class='ocrx_word' id='word_1_17' title='bbox 1140 1020 1275 1097; x_wconf 61' lang='lat' dir='ltr'><strong>produco</strong></span> <span class='ocrx_word' id='word_1_18' title='bbox 1299 1021 1437 1096; x_wconf 81' lang='grc' dir='ltr'><em>σώματος</em></span> 
     </span>
     <span class='ocr_line' id='line_1_4' title="bbox 312 1131 1437 1220; baseline 0.002 -24"><span class='ocrx_word' id='word_1_19' title='bbox 312 1131 336 1197; x_wconf 80' lang='grc' dir='ltr'><strong>οἳ</strong></span> <span class='ocrx_word' id='word_1_20' title='bbox 369 1134 429 1212; x_wconf 77' lang='grc' dir='ltr'><strong>οὐχ</strong></span> <span class='ocrx_word' id='word_1_21' title='bbox 463 1131 696 1211; x_wconf 74' lang='grc' dir='ltr'><em>αμαρτιόνουσινι</em></span> <span class='ocrx_word' id='word_1_22' title='bbox 733 1131 798 1196; x_wconf 85' lang='lat' dir='ltr'><strong>nisi</strong></span> <span class='ocrx_word' id='word_1_23' title='bbox 827 1132 909 1198; x_wconf 82' lang='lat' dir='ltr'><strong>forto</strong></span> <span class='ocrx_word' id='word_1_24' title='bbox 938 1139 1012 1199; x_wconf 82' lang='lat' dir='ltr'><strong>auto</strong></span> <span class='ocrx_word' id='word_1_25' title='bbox 1042 1134 1149 1199; x_wconf 80' lang='lat' dir='ltr'><strong>oculos</strong></span> <span class='ocrx_word' id='word_1_26' title='bbox 1172 1133 1322 1199; x_wconf 81' lang='lat' dir='ltr'><strong>habuerit</strong></span> <span class='ocrx_word' id='word_1_27' title='bbox 1345 1140 1437 1220; x_wconf 82' lang='lat' dir='ltr'><strong>poeta</strong></span> 
     </span>
    </p>
   </div>
   <div class='ocr_carea' id='block_1_3' title="bbox 312 1246 1437 1438">
    <p class='ocr_par' dir='ltr' id='par_1_3' title="bbox 312 1246 1437 1438">
     <span class='ocr_line' id='line_1_5' title="bbox 312 1246 1437 1333; baseline 0.004 -24"><span class='ocrx_word' id='word_1_28' title='bbox 312 1246 493 1331; x_wconf 81' lang='lat' dir='ltr'><strong>sagittarios</strong></span> <span class='ocrx_word' id='word_1_29' title='bbox 524 1267 653 1332; x_wconf 89' lang='lat' dir='ltr'><strong>scopum</strong></span> <span class='ocrx_word' id='word_1_30' title='bbox 678 1251 839 1332; x_wconf 84' lang='lat' dir='ltr'><strong>petentes,</strong></span> <span class='ocrx_word' id='word_1_31' title='bbox 867 1247 937 1312; x_wconf 87' lang='lat' dir='ltr'><strong>sive</strong></span> <span class='ocrx_word' id='word_1_32' title='bbox 960 1246 999 1312; x_wconf 90' lang='lat' dir='ltr'><strong>de</strong></span> <span class='ocrx_word' id='word_1_33' title='bbox 1023 1247 1165 1333; x_wconf 86' lang='lat' dir='ltr'><strong>praemio</strong></span> <span class='ocrx_word' id='word_1_34' title='bbox 1187 1252 1344 1312; x_wconf 77' lang='lat' dir='ltr'><strong>certantes</strong></span> <span class='ocrx_word' id='word_1_35' title='bbox 1367 1248 1437 1313; x_wconf 86' lang='lat' dir='ltr'><strong>sive</strong></span> 
     </span>
     <span class='ocr_line' id='line_1_6' title="bbox 313 1357 953 1438; baseline 0 -15"><span class='ocrx_word' id='word_1_36' title='bbox 313 1365 349 1424; x_wconf 91' lang='lat' dir='ltr'><strong>ut</strong></span> <span class='ocrx_word' id='word_1_37' title='bbox 372 1381 406 1425; x_wconf 92' lang='lat' dir='ltr'><strong>se</strong></span> <span class='ocrx_word' id='word_1_38' title='bbox 429 1366 599 1425; x_wconf 80' lang='lat' dir='ltr'><strong>exerceant</strong></span> <span class='ocrx_word' id='word_1_39' title='bbox 614 1360 645 1438; x_wconf 89' lang='lat'><strong>¹).</strong></span> <span class='ocrx_word' id='word_1_40' title='bbox 670 1357 720 1424; x_wconf 80' lang='lat' dir='ltr'><strong>Of.</strong></span> <span class='ocrx_word' id='word_1_41' title='bbox 745 1358 823 1424; x_wconf 87' lang='lat' dir='ltr'><strong>Ant.</strong></span> <span class='ocrx_word' id='word_1_42' title='bbox 850 1361 953 1423; x_wconf 88' lang='lat'>1033:</span> 
     </span>
    </p>
   </div>
   <div class='ocr_carea' id='block_1_4' title="bbox 534 1509 1215 1703">
    <p class='ocr_par' dir='ltr' id='par_1_4' title="bbox 534 1509 1215 1703">
     <span class='ocr_line' id='line_1_7' title="bbox 737 1509 1215 1584; baseline 0.01 -12"><span class='ocrx_word' id='word_1_43' title='bbox 737 1510 847 1581; x_wconf 80' lang='grc' dir='ltr'><em>πιόντες</em></span> <span class='ocrx_word' id='word_1_44' title='bbox 871 1509 946 1574; x_wconf 77' lang='grc' dir='ltr'><em>ὥστε</em></span> <span class='ocrx_word' id='word_1_45' title='bbox 967 1509 1087 1584; x_wconf 75' lang='grc' dir='ltr'><em>τοξόται,</em></span> <span class='ocrx_word' id='word_1_46' title='bbox 1106 1518 1215 1577; x_wconf 80' lang='grc' dir='ltr'><em>σκοποῦ</em></span> 
     </span>
     <span class='ocr_line' id='line_1_8' title="bbox 534 1621 902 1703; baseline 0 -16"><span class='ocrx_word' id='word_1_47' title='bbox 534 1621 660 1697; x_wconf 80' lang='grc' dir='ltr'><em>τοξεύετ’</em></span> <span class='ocrx_word' id='word_1_48' title='bbox 685 1623 785 1703; x_wconf 69' lang='grc' dir='ltr'><em>ἀνδρὸς</em></span> <span class='ocrx_word' id='word_1_49' title='bbox 809 1625 902 1688; x_wconf 80' lang='grc' dir='ltr'><em>τοῦδε·</em></span> 
     </span>
    </p>
   </div>
   <div class='ocr_carea' id='block_1_5' title="bbox 312 1776 1435 1954">
    <p class='ocr_par' dir='ltr' id='par_1_5' title="bbox 312 1776 1435 1954">
     <span class='ocr_line' id='line_1_9' title="bbox 312 1776 1435 1864; baseline 0.003 -24"><span class='ocrx_word' id='word_1_50' title='bbox 312 1778 394 1842; x_wconf 90' lang='lat' dir='ltr'><strong>hanc</strong></span> <span class='ocrx_word' id='word_1_51' title='bbox 424 1776 598 1862; x_wconf 85' lang='lat' dir='ltr'><strong>imaginem</strong></span> <span class='ocrx_word' id='word_1_52' title='bbox 633 1783 743 1863; x_wconf 90' lang='lat' dir='ltr'><strong>postea</strong></span> <span class='ocrx_word' id='word_1_53' title='bbox 774 1781 861 1842; x_wconf 89' lang='lat' dir='ltr'><strong>tenet</strong></span> <span class='ocrx_word' id='word_1_54' title='bbox 892 1776 1034 1841; x_wconf 83' lang='lat' dir='ltr'><strong>Tiresias</strong></span> <span class='ocrx_word' id='word_1_55' title='bbox 1064 1799 1165 1863; x_wconf 91' lang='lat' dir='ltr'><strong>quum</strong></span> <span class='ocrx_word' id='word_1_56' title='bbox 1198 1777 1366 1864; x_wconf 88' lang='lat' dir='ltr'><strong>respondet</strong></span> <span class='ocrx_word' id='word_1_57' title='bbox 1390 1801 1435 1843; x_wconf 88' lang='lat' dir='ltr'><strong>vs.</strong></span> 
     </span>
     <span class='ocr_line' id='line_1_10' title="bbox 315 1890 419 1954; baseline 0.01 -1"><span class='ocrx_word' id='word_1_58' title='bbox 315 1890 419 1954; x_wconf 82' lang='lat'>1084:</span> 
     </span>
    </p>
   </div>
   <div class='ocr_carea' id='block_1_6' title="bbox 533 1976 1227 2290">
    <p class='ocr_par' dir='ltr' id='par_1_6' title="bbox 533 1976 1227 2290">
     <span class='ocr_line' id='line_1_11' title="bbox 533 1976 1202 2057; baseline 0.001 -17"><span class='ocrx_word' id='word_1_59' title='bbox 533 1978 657 2042; x_wconf 83' lang='grc' dir='ltr'><em>τοιαῦτοό</em></span> <span class='ocrx_word' id='word_1_60' title='bbox 679 2002 739 2051; x_wconf 89' lang='grc' dir='ltr'><em>σου,</em></span> <span class='ocrx_word' id='word_1_61' title='bbox 764 1985 867 2049; x_wconf 79' lang='grc' dir='ltr'><em>λυπεῖς</em></span> <span class='ocrx_word' id='word_1_62' title='bbox 891 1978 958 2057; x_wconf 78' lang='grc' dir='ltr'><em>γοόρ,</em></span> <span class='ocrx_word' id='word_1_63' title='bbox 985 1978 1059 2042; x_wconf 77' lang='grc' dir='ltr'><em>ὥστε</em></span> <span class='ocrx_word' id='word_1_64' title='bbox 1081 1976 1202 2051; x_wconf 86' lang='grc' dir='ltr'><em>τοξότης</em></span> 
     </span>
     <span class='ocr_line' id='line_1_12' title="bbox 534 2089 1083 2173; baseline -0.002 -17"><span class='ocrx_word' id='word_1_65' title='bbox 534 2095 640 2173; x_wconf 67' lang='grc' dir='ltr'><em>ἀφῆκα</em></span> <span class='ocrx_word' id='word_1_66' title='bbox 665 2093 744 2169; x_wconf 78' lang='grc' dir='ltr'><em>θυμῷ</em></span> <span class='ocrx_word' id='word_1_67' title='bbox 768 2091 887 2171; x_wconf 80' lang='grc' dir='ltr'><em>καρδίας</em></span> <span class='ocrx_word' id='word_1_68' title='bbox 911 2089 1083 2169; x_wconf 81' lang='grc' dir='ltr'><em>τοξεύματα</em></span> 
     </span>
     <span class='ocr_line' id='line_1_13' title="bbox 538 2206 1227 2290; baseline 0.004 -20"><span class='ocrx_word' id='word_1_69' title='bbox 538 2206 663 2290; x_wconf 77' lang='grc' dir='ltr'><em>βέβαια,</em></span> <span class='ocrx_word' id='word_1_70' title='bbox 688 2212 743 2268; x_wconf 81' lang='grc' dir='ltr'><strong>τῶν</strong></span> <span class='ocrx_word' id='word_1_71' title='bbox 767 2206 804 2268; x_wconf 88' lang='grc' dir='ltr'><strong>σὺ</strong></span> <span class='ocrx_word' id='word_1_72' title='bbox 828 2206 939 2274; x_wconf 79' lang='grc' dir='ltr'><em>όόλτος</em></span> <span class='ocrx_word' id='word_1_73' title='bbox 964 2207 1021 2285; x_wconf 79' lang='grc' dir='ltr'><strong>οὐχ</strong></span> <span class='ocrx_word' id='word_1_74' title='bbox 1044 2206 1227 2286; x_wconf 63' lang='lat' dir='ltr'><strong>anscauso.</strong></span> 
     </span>
    </p>
   </div>
   <div class='ocr_carea' id='block_1_7' title="bbox 309 2356 1437 2667">
    <p class='ocr_par' dir='ltr' id='par_1_7' title="bbox 309 2356 1437 2667">
     <span class='ocr_line' id='line_1_14' title="bbox 358 2356 1437 2443; baseline 0.001 -20"><span class='ocrx_word' id='word_1_75' title='bbox 358 2359 410 2423; x_wconf 87' lang='lat' dir='ltr'><strong>Ad</strong></span> <span class='ocrx_word' id='word_1_76' title='bbox 434 2359 615 2443; x_wconf 84' lang='lat' dir='ltr'><strong>sagittarios</strong></span> <span class='ocrx_word' id='word_1_77' title='bbox 638 2356 678 2423; x_wconf 95' lang='lat' dir='ltr'><strong>de</strong></span> <span class='ocrx_word' id='word_1_78' title='bbox 702 2358 843 2443; x_wconf 87' lang='lat' dir='ltr'><strong>praemio</strong></span> <span class='ocrx_word' id='word_1_79' title='bbox 867 2363 1023 2422; x_wconf 85' lang='lat' dir='ltr'><strong>certantes</strong></span> <span class='ocrx_word' id='word_1_80' title='bbox 1047 2359 1208 2443; x_wconf 88' lang='lat' dir='ltr'><strong>pertinent</strong></span> <span class='ocrx_word' id='word_1_81' title='bbox 1231 2358 1329 2423; x_wconf 86' lang='lat' dir='ltr'><strong>verba</strong></span> <span class='ocrx_word' id='word_1_82' title='bbox 1348 2360 1437 2424; x_wconf 91' lang='lat' dir='ltr'><strong>chori</strong></span> 
     </span>
     <span class='ocr_line' id='line_1_15' title="bbox 313 2470 1436 2561; baseline 0.002 -25"><span class='ocrx_word' id='word_1_83' title='bbox 313 2473 352 2538; x_wconf 87' lang='lat' dir='ltr'><strong>de</strong></span> <span class='ocrx_word' id='word_1_84' title='bbox 376 2472 550 2559; x_wconf 86' lang='lat' dir='ltr'><strong>Oedipode,</strong></span> <span class='ocrx_word' id='word_1_85' title='bbox 575 2473 627 2535; x_wconf 91' lang='lat' dir='ltr'><strong>cui</strong></span> <span class='ocrx_word' id='word_1_86' title='bbox 651 2477 687 2535; x_wconf 91' lang='lat' dir='ltr'><strong>ut</strong></span> <span class='ocrx_word' id='word_1_87' title='bbox 707 2470 861 2557; x_wconf 82' lang='lat' dir='ltr'><strong>Sphingis</strong></span> <span class='ocrx_word' id='word_1_88' title='bbox 881 2471 1030 2556; x_wconf 88' lang='lat' dir='ltr'><strong>aenigma</strong></span> <span class='ocrx_word' id='word_1_89' title='bbox 1049 2472 1186 2537; x_wconf 87' lang='lat' dir='ltr'><strong>solveret</strong></span> <span class='ocrx_word' id='word_1_90' title='bbox 1197 2475 1341 2559; x_wconf 85' lang='lat' dir='ltr'><strong>contigit,</strong></span> <span class='ocrx_word' id='word_1_91' title='bbox 1352 2474 1436 2561; x_wconf 93' lang='lat' dir='ltr'><strong>quod</strong></span> 
     </span>
     <span class='ocr_line' id='line_1_16' title="bbox 309 2583 968 2667; baseline -0.003 -16"><span class='ocrx_word' id='word_1_92' title='bbox 309 2586 366 2651; x_wconf 89' lang='lat' dir='ltr'><strong>alii</strong></span> <span class='ocrx_word' id='word_1_93' title='bbox 388 2586 506 2651; x_wconf 86' lang='lat' dir='ltr'><strong>frustra</strong></span> <span class='ocrx_word' id='word_1_94' title='bbox 529 2591 740 2667; x_wconf 82' lang='lat' dir='ltr'><strong>tentaverant,</strong></span> <span class='ocrx_word' id='word_1_95' title='bbox 767 2583 837 2649; x_wconf 75' lang='grc' dir='ltr'><strong>ΟΒ.</strong></span> <span class='ocrx_word' id='word_1_96' title='bbox 865 2586 968 2649; x_wconf 84' lang='lat'>1196:</span> 
     </span>
    </p>
   </div>
   <div class='ocr_carea' id='block_1_8' title="bbox 354 2723 1465 3179">
    <p class='ocr_par' dir='ltr' id='par_1_8' title="bbox 532 2723 890 2803">
     <span class='ocr_line' id='line_1_17' title="bbox 532 2723 890 2803; baseline -0.003 -15"><span class='ocrx_word' id='word_1_97' title='bbox 532 2723 609 2796; x_wconf 87' lang='grc' dir='ltr'><em>όστις</em></span> <span class='ocrx_word' id='word_1_98' title='bbox 633 2725 698 2788; x_wconf 72' lang='grc' dir='ltr'><em>καθ’</em></span> <span class='ocrx_word' id='word_1_99' title='bbox 725 2723 890 2803; x_wconf 73' lang='grc' dir='ltr'><em>ὑπερβαλόν</em></span> 
     </span>
    </p>

    <p class='ocr_par' dir='ltr' id='par_1_9' title="bbox 532 2836 910 2917">
     <span class='ocr_line' id='line_1_18' title="bbox 532 2836 910 2917; baseline -0.003 -15"><span class='ocrx_word' id='word_1_100' title='bbox 532 2837 672 2912; x_wconf 77' lang='grc' dir='ltr'><em>τοξεύσας</em></span> <span class='ocrx_word' id='word_1_101' title='bbox 695 2836 836 2917; x_wconf 84' lang='grc' dir='ltr'><em>ἐκρότησε</em></span> <span class='ocrx_word' id='word_1_102' title='bbox 858 2843 910 2902; x_wconf 80' lang='grc' dir='ltr'><strong>τοῦ</strong></span> 
     </span>
    </p>

    <p class='ocr_par' dir='ltr' id='par_1_10' title="bbox 354 2949 1465 3179">
     <span class='ocr_line' id='line_1_19' title="bbox 531 2949 939 3028; baseline 0.007 -14"><span class='ocrx_word' id='word_1_103' title='bbox 531 2952 618 3016; x_wconf 66' lang='grc' dir='ltr'><em>πάντ’</em></span> <span class='ocrx_word' id='word_1_104' title='bbox 649 2951 815 3028; x_wconf 71' lang='grc' dir='ltr'><em>εὐδαίμονος</em></span> <span class='ocrx_word' id='word_1_105' title='bbox 839 2949 939 3028; x_wconf 75' lang='grc' dir='ltr'><em>όλβρυ.</em></span> 
     </span>
     <span class='ocr_line' id='line_1_20' title="bbox 354 3088 1465 3179; baseline 0.004 -25"><span class='ocrx_word' id='word_1_106' title='bbox 354 3091 441 3156; x_wconf 90' lang='lat' dir='ltr'><strong>Usus</strong></span> <span class='ocrx_word' id='word_1_107' title='bbox 472 3091 606 3157; x_wconf 85' lang='lat' dir='ltr'><strong>bellicus</strong></span> <span class='ocrx_word' id='word_1_108' title='bbox 637 3090 826 3176; x_wconf 86' lang='lat' dir='ltr'><strong>sagittarum</strong></span> <span class='ocrx_word' id='word_1_109' title='bbox 859 3111 916 3154; x_wconf 91' lang='lat' dir='ltr'><strong>nos</strong></span> <span class='ocrx_word' id='word_1_110' title='bbox 939 3089 1028 3154; x_wconf 90' lang='lat' dir='ltr'><strong>ducit</strong></span> <span class='ocrx_word' id='word_1_111' title='bbox 1051 3088 1092 3154; x_wconf 90' lang='lat' dir='ltr'><strong>ad</strong></span> <span class='ocrx_word' id='word_1_112' title='bbox 1115 3090 1273 3176; x_wconf 87' lang='lat' dir='ltr'><strong>reliquam</strong></span> <span class='ocrx_word' id='word_1_113' title='bbox 1295 3098 1465 3179; x_wconf 27' lang='lat' dir='ltr'><strong>armatu-¹</strong></span> 
     </span>
    </p>
   </div>
   <div class='ocr_carea' id='block_1_9' title="bbox 310 3202 1436 3407">
    <p class='ocr_par' dir='ltr' id='par_1_11' title="bbox 310 3202 1436 3407">
     <span class='ocr_line' id='line_1_21' title="bbox 311 3202 1436 3292; baseline 0.004 -22"><span class='ocrx_word' id='word_1_114' title='bbox 311 3227 389 3288; x_wconf 83' lang='lat' dir='ltr'><strong>ram,</strong></span> <span class='ocrx_word' id='word_1_115' title='bbox 425 3204 463 3271; x_wconf 87' lang='lat' dir='ltr'><strong>de</strong></span> <span class='ocrx_word' id='word_1_116' title='bbox 498 3226 562 3292; x_wconf 88' lang='lat' dir='ltr'><strong>qua</strong></span> <span class='ocrx_word' id='word_1_117' title='bbox 596 3211 705 3291; x_wconf 82' lang='lat' dir='ltr'><strong>postea</strong></span> <span class='ocrx_word' id='word_1_118' title='bbox 742 3202 916 3269; x_wconf 88' lang='lat' dir='ltr'><strong>videndum</strong></span> <span class='ocrx_word' id='word_1_119' title='bbox 948 3206 1026 3287; x_wconf 91' lang='lat' dir='ltr'><strong>erit;</strong></span> <span class='ocrx_word' id='word_1_120' title='bbox 1051 3211 1157 3270; x_wconf 90' lang='lat' dir='ltr'><strong>nostro</strong></span> <span class='ocrx_word' id='word_1_121' title='bbox 1180 3206 1247 3271; x_wconf 88' lang='lat' dir='ltr'><strong>loeo</strong></span> <span class='ocrx_word' id='word_1_122' title='bbox 1269 3205 1436 3274; x_wconf 77' lang='lat' dir='ltr'><strong>adnectere</strong></span> 
     </span>
     <span class='ocr_line' id='line_1_22' title="bbox 310 3318 1436 3407; baseline -0.002 -23"><span class='ocrx_word' id='word_1_123' title='bbox 310 3319 466 3407; x_wconf 92' lang='lat' dir='ltr'><strong>quaedam</strong></span> <span class='ocrx_word' id='word_1_124' title='bbox 505 3319 587 3384; x_wconf 87' lang='lat' dir='ltr'><strong>malo</strong></span> <span class='ocrx_word' id='word_1_125' title='bbox 623 3319 662 3385; x_wconf 95' lang='lat' dir='ltr'><strong>de</strong></span> <span class='ocrx_word' id='word_1_126' title='bbox 696 3318 839 3401; x_wconf 87' lang='lat' dir='ltr'><strong>canibus,</strong></span> <span class='ocrx_word' id='word_1_127' title='bbox 875 3318 915 3383; x_wconf 89' lang='lat' dir='ltr'><strong>ad</strong></span> <span class='ocrx_word' id='word_1_128' title='bbox 949 3339 1032 3404; x_wconf 88' lang='lat' dir='ltr'><strong>quae</strong></span> <span class='ocrx_word' id='word_1_129' title='bbox 1066 3319 1220 3384; x_wconf 88' lang='lat' dir='ltr'><strong>animalia</strong></span> <span class='ocrx_word' id='word_1_130' title='bbox 1249 3319 1436 3386; x_wconf 87' lang='lat' dir='ltr'><strong>transeundi</strong></span> 
     </span>
    </p>
   </div>
   <div class='ocr_carea' id='block_1_10' title="bbox 310 3425 1436 4200">
    <p class='ocr_par' dir='ltr' id='par_1_12' title="bbox 310 3425 1435 3852">
     <span class='ocr_line' id='line_1_23' title="bbox 311 3425 1434 3520; baseline -0.003 -21"><span class='ocrx_word' id='word_1_131' title='bbox 311 3434 508 3499; x_wconf 84' lang='lat' dir='ltr'><strong>occasionem</strong></span> <span class='ocrx_word' id='word_1_132' title='bbox 532 3432 663 3520; x_wconf 87' lang='lat' dir='ltr'><strong>praebet</strong></span> <span class='ocrx_word' id='word_1_133' title='bbox 688 3431 742 3496; x_wconf 88' lang='lat' dir='ltr'><strong>Ai.</strong></span> <span class='ocrx_word' id='word_1_134' title='bbox 769 3433 806 3496; x_wconf 76' lang='lat'><strong>7:</strong></span> <span class='ocrx_word' id='word_1_135' title='bbox 831 3425 861 3496; x_wconf 82' lang='grc' dir='ltr'><strong>εὖ</strong></span> <span class='ocrx_word' id='word_1_136' title='bbox 885 3432 916 3496; x_wconf 77' lang='grc' dir='ltr'><strong>δέ</strong></span> <span class='ocrx_word' id='word_1_137' title='bbox 940 3433 967 3495; x_wconf 84' lang='grc' dir='ltr'><strong>τ’</strong></span> <span class='ocrx_word' id='word_1_138' title='bbox 988 3432 1101 3511; x_wconf 76' lang='grc' dir='ltr'><em>ἐκφέρει</em></span> <span class='ocrx_word' id='word_1_139' title='bbox 1121 3433 1203 3504; x_wconf 84' lang='grc' dir='ltr'><em>κυνὸς</em></span> <span class='ocrx_word' id='word_1_140' title='bbox 1224 3433 1377 3505; x_wconf 83' lang='grc' dir='ltr'><em>Λακαίνης</em></span> <span class='ocrx_word' id='word_1_141' title='bbox 1397 3431 1434 3505; x_wconf 61' lang='lat' dir='ltr'><strong>etc</strong></span> 
     </span>
     <span class='ocr_line' id='line_1_24' title="bbox 310 3544 1435 3633; baseline -0.001 -23"><span class='ocrx_word' id='word_1_142' title='bbox 310 3571 355 3619; x_wconf 92' lang='grc' dir='ltr'><strong>τις</strong></span> <span class='ocrx_word' id='word_1_143' title='bbox 389 3545 488 3625; x_wconf 86' lang='grc' dir='ltr'><em>εόρινος</em></span> <span class='ocrx_word' id='word_1_144' title='bbox 519 3546 619 3624; x_wconf 81' lang='grc' dir='ltr'><em>βόσις,</em></span> <span class='ocrx_word' id='word_1_145' title='bbox 652 3546 709 3633; x_wconf 91' lang='lat' dir='ltr'><strong>qui</strong></span> <span class='ocrx_word' id='word_1_146' title='bbox 740 3545 854 3610; x_wconf 80' lang='lat' dir='ltr'><strong>unicus</strong></span> <span class='ocrx_word' id='word_1_147' title='bbox 884 3545 973 3610; x_wconf 80' lang='lat' dir='ltr'><strong>locus</strong></span> <span class='ocrx_word' id='word_1_148' title='bbox 996 3551 1044 3610; x_wconf 83' lang='lat' dir='ltr'><strong>eat</strong></span> <span class='ocrx_word' id='word_1_149' title='bbox 1067 3545 1099 3608; x_wconf 92' lang='lat' dir='ltr'><strong>iu</strong></span> <span class='ocrx_word' id='word_1_150' title='bbox 1124 3544 1243 3609; x_wconf 84' lang='lat' dir='ltr'><strong>fabulis</strong></span> <span class='ocrx_word' id='word_1_151' title='bbox 1267 3544 1325 3609; x_wconf 90' lang='lat' dir='ltr'><strong>ubi</strong></span> <span class='ocrx_word' id='word_1_152' title='bbox 1347 3545 1435 3609; x_wconf 85' lang='lat' dir='ltr'><strong>oanis</strong></span> 
     </span>
     <span class='ocr_line' id='line_1_25' title="bbox 312 3658 1433 3746; baseline -0.001 -21"><span class='ocrx_word' id='word_1_153' title='bbox 312 3661 476 3725; x_wconf 87' lang='lat' dir='ltr'><strong>venaticus</strong></span> <span class='ocrx_word' id='word_1_154' title='bbox 509 3665 793 3744; x_wconf 57' lang='lat' dir='ltr'><strong>commemoratum</strong></span> <span class='ocrx_word' id='word_1_155' title='bbox 829 3665 992 3746; x_wconf 88' lang='lat' dir='ltr'><strong>praeterea</strong></span> <span class='ocrx_word' id='word_1_156' title='bbox 1024 3658 1181 3724; x_wconf 87' lang='lat' dir='ltr'><strong>habemus</strong></span> <span class='ocrx_word' id='word_1_157' title='bbox 1212 3658 1326 3746; x_wconf 83' lang='lat' dir='ltr'><strong>fragm.</strong></span> <span class='ocrx_word' id='word_1_158' title='bbox 1351 3660 1433 3724; x_wconf 88' lang='lat'>801:</span> 
     </span>
     <span class='ocr_line' id='line_1_26' title="bbox 311 3774 1007 3852; baseline 0.003 -15"><span class='ocrx_word' id='word_1_159' title='bbox 311 3774 455 3852; x_wconf 74' lang='grc' dir='ltr'><em>όρυγεός·</em></span> <span class='ocrx_word' id='word_1_160' title='bbox 480 3774 493 3837; x_wconf 86' lang='grc' dir='ltr'><em>ό</em></span> <span class='ocrx_word' id='word_1_161' title='bbox 517 3774 590 3851; x_wconf 80' lang='grc' dir='ltr'><em>ἱραόις</em></span> <span class='ocrx_word' id='word_1_162' title='bbox 613 3777 668 3837; x_wconf 83' lang='grc' dir='ltr'><strong>τῶν</strong></span> <span class='ocrx_word' id='word_1_163' title='bbox 692 3779 885 3851; x_wconf 76' lang='grc' dir='ltr'><em>κυνηγετικῶν</em></span> <span class='ocrx_word' id='word_1_164' title='bbox 908 3779 1007 3840; x_wconf 80' lang='grc' dir='ltr'><em>κυνῶν.</em></span> 
     </span>
    </p>

    <p class='ocr_par' dir='ltr' id='par_1_13' title="bbox 315 3886 1436 4200">
     <span class='ocr_line' id='line_1_27' title="bbox 356 3886 1435 3974; baseline 0 -23"><span class='ocrx_word' id='word_1_165' title='bbox 356 3887 420 3953; x_wconf 90' lang='lat' dir='ltr'><strong>Per</strong></span> <span class='ocrx_word' id='word_1_166' title='bbox 455 3887 671 3974; x_wconf 86' lang='lat' dir='ltr'><strong>metaphoram</strong></span> <span class='ocrx_word' id='word_1_167' title='bbox 706 3887 826 3952; x_wconf 82' lang='lat' dir='ltr'><strong>Furiae</strong></span> <span class='ocrx_word' id='word_1_168' title='bbox 859 3886 940 3957; x_wconf 80' lang='grc' dir='ltr'><em>κύνες</em></span> <span class='ocrx_word' id='word_1_169' title='bbox 971 3886 1132 3969; x_wconf 84' lang='lat' dir='ltr'><strong>dicuntur,</strong></span> <span class='ocrx_word' id='word_1_170' title='bbox 1167 3887 1261 3968; x_wconf 81' lang='lat' dir='ltr'><strong>„weil</strong></span> <span class='ocrx_word' id='word_1_171' title='bbox 1292 3888 1339 3953; x_wconf 90' lang='lat' dir='ltr'><strong>sie</strong></span> <span class='ocrx_word' id='word_1_172' title='bbox 1362 3887 1435 3953; x_wconf 90' lang='lat' dir='ltr'><strong>dem</strong></span> 
     </span>
     <span class='ocr_line' id='line_1_28' title="bbox 315 3997 1436 4086; baseline 0.002 -22"><span class='ocrx_word' id='word_1_173' title='bbox 315 4001 541 4083; x_wconf 80' lang='lat' dir='ltr'><strong>„Missethttter</strong></span> <span class='ocrx_word' id='word_1_174' title='bbox 571 4000 630 4065; x_wconf 86' lang='lat' dir='ltr'><strong>auf</strong></span> <span class='ocrx_word' id='word_1_175' title='bbox 650 3999 706 4066; x_wconf 89' lang='lat' dir='ltr'><strong>der</strong></span> <span class='ocrx_word' id='word_1_176' title='bbox 728 4001 827 4065; x_wconf 83' lang='lat' dir='ltr'><strong>Ferse</strong></span> <span class='ocrx_word' id='word_1_177' title='bbox 850 3998 956 4085; x_wconf 83' lang='lat' dir='ltr'><strong>folgsn</strong></span> <span class='ocrx_word' id='word_1_178' title='bbox 983 3997 1261 4084; x_wconf 87' lang='lat' dir='ltr'><strong>wieJagdhunde</strong></span> <span class='ocrx_word' id='word_1_179' title='bbox 1284 4000 1356 4066; x_wconf 90' lang='lat' dir='ltr'><strong>dem</strong></span> <span class='ocrx_word' id='word_1_180' title='bbox 1380 4021 1436 4086; x_wconf 90' lang='lat' dir='ltr'><strong>ge-</strong></span> 
     </span>
     <span class='ocr_line' id='line_1_29' title="bbox 316 4112 1251 4200; baseline -0.002 -22"><span class='ocrx_word' id='word_1_181' title='bbox 316 4116 461 4198; x_wconf 81' lang='lat' dir='ltr'><strong>„hetaten</strong></span> <span class='ocrx_word' id='word_1_182' title='bbox 485 4113 598 4178; x_wconf 90' lang='lat' dir='ltr'><strong>Wild”</strong></span> <span class='ocrx_word' id='word_1_183' title='bbox 612 4113 656 4199; x_wconf 71' lang='lat'><strong>2);</strong></span> <span class='ocrx_word' id='word_1_184' title='bbox 680 4135 729 4179; x_wconf 92' lang='lat' dir='ltr'><strong>res</strong></span> <span class='ocrx_word' id='word_1_185' title='bbox 748 4120 881 4200; x_wconf 88' lang='lat' dir='ltr'><strong>apparet</strong></span> <span class='ocrx_word' id='word_1_186' title='bbox 906 4112 1023 4178; x_wconf 87' lang='lat' dir='ltr'><strong>Aesch.</strong></span> <span class='ocrx_word' id='word_1_187' title='bbox 1047 4112 1143 4178; x_wconf 79' lang='lat' dir='ltr'><strong>Eum.</strong></span> <span class='ocrx_word' id='word_1_188' title='bbox 1169 4114 1251 4177; x_wconf 81' lang='lat'>924:</span> 
     </span>
    </p>
   </div>
   <div class='ocr_carea' id='block_1_11' title="bbox 315 4287 459 4294">
    <p class='ocr_par' dir='ltr' id='par_1_14' title="bbox 315 4287 459 4294">
     <span class='ocr_line' id='line_1_30' title="bbox 315 4287 459 4294; baseline -0.014 0"><span class='ocrx_word' id='word_1_189' title='bbox 315 4287 459 4294; x_wconf 72' lang='grc'>-...-.-.-</span> 
     </span>
    </p>
   </div>
   <div class='ocr_carea' id='block_1_12' title="bbox 344 4376 1237 4531">
    <p class='ocr_par' dir='ltr' id='par_1_15' title="bbox 344 4376 1237 4531">
     <span class='ocr_line' id='line_1_31' title="bbox 345 4376 1237 4443; baseline -0.002 -15"><span class='ocrx_word' id='word_1_190' title='bbox 345 4379 373 4443; x_wconf 82' lang='grc'><strong>1)</strong></span> <span class='ocrx_word' id='word_1_191' title='bbox 389 4379 428 4428; x_wconf 78' lang='lat' dir='ltr'><strong>Ad</strong></span> <span class='ocrx_word' id='word_1_192' title='bbox 447 4378 507 4428; x_wconf 86' lang='lat' dir='ltr'><strong>belli</strong></span> <span class='ocrx_word' id='word_1_193' title='bbox 525 4393 603 4428; x_wconf 90' lang='lat' dir='ltr'><strong>usum</strong></span> <span class='ocrx_word' id='word_1_194' title='bbox 620 4378 668 4428; x_wconf 89' lang='lat' dir='ltr'><strong>hos</strong></span> <span class='ocrx_word' id='word_1_195' title='bbox 683 4380 751 4429; x_wconf 79' lang='lat' dir='ltr'><strong>locos</strong></span> <span class='ocrx_word' id='word_1_196' title='bbox 767 4378 846 4428; x_wconf 78' lang='lat' dir='ltr'><strong>refert</strong></span> <span class='ocrx_word' id='word_1_197' title='bbox 864 4378 992 4428; x_wconf 83' lang='lat' dir='ltr'><strong>Lucckins</strong></span> <span class='ocrx_word' id='word_1_198' title='bbox 1008 4378 1042 4428; x_wconf 88' lang='lat' dir='ltr'><strong>ib.</strong></span> <span class='ocrx_word' id='word_1_199' title='bbox 1061 4379 1106 4443; x_wconf 88' lang='lat'>111,</span> <span class='ocrx_word' id='word_1_200' title='bbox 1123 4392 1179 4442; x_wconf 77' lang='lat' dir='ltr'><strong>pag.</strong></span> <span class='ocrx_word' id='word_1_201' title='bbox 1196 4376 1237 4427; x_wconf 79' lang='lat'><strong>11.</strong></span> 
     </span>
     <span class='ocr_line' id='line_1_32' title="bbox 344 4465 683 4531; baseline 0.003 -11"><span class='ocrx_word' id='word_1_202' title='bbox 344 4471 370 4531; x_wconf 79' lang='lat'><strong>2)</strong></span> <span class='ocrx_word' id='word_1_203' title='bbox 389 4470 489 4521; x_wconf 85' lang='lat' dir='ltr'><strong>Nauck.</strong></span> <span class='ocrx_word' id='word_1_204' title='bbox 506 4471 537 4520; x_wconf 85' lang='lat' dir='ltr'><strong>ad</strong></span> <span class='ocrx_word' id='word_1_205' title='bbox 556 4471 592 4520; x_wconf 88' lang='lat' dir='ltr'><strong>El.</strong></span> <span class='ocrx_word' id='word_1_206' title='bbox 611 4465 683 4521; x_wconf 79' lang='lat'><strong>1388.</strong></span> 
     </span>
    </p>
   </div>
   <div class='ocr_carea' id='block_1_13' title="bbox 0 0 1754 5375">
    <p class='ocr_par' dir='ltr' id='par_1_16' title="bbox 0 0 1754 5375">
     <span class='ocr_line' id='line_1_33' title="bbox 0 0 1754 5375; baseline 0 0"><span class='ocrx_word' id='word_1_207' title='bbox 0 0 1754 5375; x_wconf 95' lang='lat' dir='ltr'><strong> </strong></span> 
     </span>
    </p>
   </div>
  </div>
 </body>
</html>
