3500 5375
847 605 1002 717 ’ἰ17

701 840 829 920 αἰσχρῶς
852 840 978 908 asanaa

301 953 424 1030 στυγνόν
447 977 479 1016 τε
502 954 580 1033 Φῶτ’
604 951 770 1033 ἕχίσδσσόν,

302 1066 377 1144 poet
402 1064 458 1129 ἀπ’
482 1067 611 1146 αἰσχρῶν
634 1066 821 1131 ῶνατέλλονῶ
846 1065 875 1140 ὃς
899 1068 950 1147 ἐφ’
974 1067 1047 1144 ἡμῖν
1070 1066 1138 1132 κῶλ’
1162 1068 1291 1145 ἐμήσατ’
1315 1064 1336 1132 ὦ
1360 1075 1424 1134 Ζεῦ.

301 1227 355 1293 aio
378 1228 479 1293 edidit
501 1229 705 1315 Dindorfius3
729 1230 823 1295 aliter
846 1230 1033 1296 Nauokius:

301 1392 382 1472 μυρί’
407 1393 463 1456 ἀπ’
487 1393 617 1473 αἰσχρῶν
639 1393 828 1458 ῶνατὲλλννῶ
851 1392 894 1457 ῶσ’
919 1394 968 1475 ἐφ’
994 1397 1066 1470 ἡμῖν
1086 1392 1154 1458 κάκ’
1175 1393 1305 1471 ἐμήσατ’
1325 1394 1425 1468 οὐδείς,

300 1554 358 1640 qui
394 1556 427 1618 in
461 1554 679 1621 additamento
713 1556 822 1642 plures
857 1555 1095 1621 emendationes
1124 1555 1227 1638 affert,
1259 1578 1278 1622 e
1308 1558 1427 1643 quibus

301 1669 439 1734 retinere
464 1668 561 1734 velim
586 1668 675 1749 μυρία
699 1670 738 1736 τ’.
762 1668 900 1750 Deinde,
924 1669 953 1733 si
973 1668 1055 1732 mihi
1075 1669 1163 1734 loeus
1180 1669 1321 1735 edendus
1334 1676 1426 1754 esset,

301 1784 494 1849 scriberem:
530 1784 618 1864 μυρία
651 1785 681 1847 τ’
716 1785 845 1862 αἰσχρῶς
876 1783 1075 1856 αἰνατέλλσνῶ,
1106 1781 1150 1848 ἰσ’
1181 1784 1231 1866 ἐφ’
1263 1786 1332 1861 ἡμῖν
1356 1783 1426 1848 κάκ’

301 1898 430 1976 ἐμήσατ’
457 1897 558 1969 οὐδείς.

345 2008 547 2075 Adverbium
581 2012 712 2091 αἰσχρῶς
738 2011 858 2097 optime
882 2009 1017 2097 quadrat
1041 2012 1075 2075 in
1098 2032 1153 2075 ore
1175 2009 1375 2076 Philoctetae
1398 2012 1428 2074 si

300 2123 340 2188 de
372 2130 499 2189 versuto
522 2124 654 2188 inimico
677 2124 830 2209 loquitur,
853 2131 886 2188 et
909 2133 1073 2210 praeterea
1097 2124 1230 2189 verbum
1254 2124 1427 2187 ἀνατέλλειν

301 2236 418 2301 retinet
440 2236 507 2301 vim
531 2236 744 2302 transitivam.
769 2234 819 2301 cf.
843 2259 890 2302 vs.
915 2237 997 2301 264:

525 2400 614 2465 δνσσσί
637 2401 798 2480 σσρασνχσί
822 2403 869 2479 χῶ
895 2400 1096 2481 Κεφαλλήνων
1120 2397 1199 2474 ῶναξ

523 2514 638 2595 ἔρριψαν
660 2516 794 2595 αἰσχρῶς
816 2510 865 2579 ὧδ’
889 2512 1003 2595 ἔρνασν.

349 2677 407 2761 „In
432 2680 536 2745 lucem
559 2680 745 2766 progenitae
769 2679 898 2766 plantae
921 2678 1015 2761 πρόσω
1038 2676 1173 2758 amosa
1188 2679 1224 2763 ¹),
1248 2678 1289 2744 of.
1309 2678 1425 2765 fragm.

301 2794 384 2858 239:
409 2793 553 2874 βακχενσς
577 2794 681 2874 βότρυς
704 2794 752 2858 ἐπ’
778 2788 858 2874 ἦμαρ
883 2791 968 2874 ἕρπει,
989 2792 1075 2859 undo
1093 2791 1426 2880 habemusmetapho·

301 2927 369 2970 ram
393 2906 508 2972 Traoh.
534 2908 617 2971 547:

523 3069 573 3150 ὁρῶ
596 3070 654 3151 γὰρ
677 3067 754 3148 ἥβην
776 3071 829 3142 τὴν
853 3071 908 3147 μὲν
930 3068 1072 3151 ἕρπονσαν
1095 3069 1200 3150 πρόσω,

346 3232 491 3299 Verbum
522 3233 646 3298 αὐαίνενν
661 3237 685 3313 ⁹)
709 3233 828 3298 dieitur
850 3232 891 3298 de
914 3234 1043 3320 plantis,
1067 3254 1150 3320 quac
1173 3232 1329 3298 arefactae
1351 3233 1426 3297 flao-

301 3353 447 3430 oesount3
481 3346 633 3411 translate
666 3345 787 3411 dictum
821 3352 869 3411 est
899 3345 950 3410 El.
983 3346 1067 3409 819:
1099 3347 1200 3410 αὐανῶ
1231 3346 1304 3424 βίον,
1336 3345 1424 3414 Phil.

301 3461 366 3524 954
390 3462 567 3538 αὐανοῶμαν,
591 3460 703 3545 (schol.
727 3459 795 3523 σίνσί
820 3464 871 3524 τσῦ
894 3456 1136 3543 ξηρανίήσσμαν).

342 3571 550 3639 Gemmantes
584 3581 692 3639 autem
724 3578 756 3636 et
787 3573 935 3637 florentes
958 3572 1087 3637 arbores
1109 3573 1230 3657 majore
1253 3572 1423 3637 verborum

297 3686 390 3772 copia
419 3686 646 3772 respiciuntur.
670 3684 868 3750 Notissimus
892 3684 979 3750 loeus
1003 3691 1051 3750 est
1075 3686 1108 3749 in
1131 3685 1221 3750 chori
1243 3685 1367 3750 oantioo
1389 3687 1423 3749 in
1442 3742 1445 3747 ,

299 3799 463 3886 Oedipode
486 3797 624 3865 Ooloneo
648 3821 694 3865 vs.
720 3799 803 3863 681:

521 3962 620 4028 dolata
644 3964 826 4044 δ’σύρανίας
850 3964 901 4026 ὑπ’
925 3966 1028 4042 ῶχνας

519 4079 533 4142 ἰ
556 4077 751 4154 καλλίβστρνς
766 4129 773 4146 .
788 4129 795 4144 .
809 4123 839 4146 ..
864 4075 1025 4158 νσίρκνσσσς.

330 4304 358 4363 l)
376 4303 471 4354 Lueek.
489 4304 509 4366 1,
527 4318 582 4369 pag.
600 4301 641 4355 13.

331 4393 358 4458 2)
377 4394 470 4445 Lueck.
489 4393 525 4444 ib.
543 4409 597 4459 pag.
615 4392 656 4444 ll.
