3500 5375
851 700 913 761 103

358 882 467 969 Ipsam
503 904 570 947 rem
601 882 804 968 experientia
835 882 942 947 doceri
966 881 1084 948 voluit:
1109 882 1227 947 idcirco
1250 882 1438 949 novaculam

314 1017 411 1082 quam
435 997 578 1061 maxime
600 1002 725 1061 acutam
750 996 784 1059 in
807 996 883 1081 igne
903 996 1011 1082 posuit
1028 994 1132 1083 quoad
1145 996 1273 1082 penitus
1284 995 1439 1079 fervebat,

314 1109 429 1175 deinde
463 1109 640 1175 ferventem
675 1110 707 1173 in
738 1130 856 1197 aquam
889 1110 1045 1175 inmersit.
1069 1108 1140 1174 Hoc
1163 1108 1245 1175 facto
1269 1108 1438 1197 chalybem

314 1222 525 1287 durissimum
549 1222 680 1310 quidem
704 1243 773 1287 esse
796 1223 956 1310 apparuit,
978 1244 1091 1287 rerum
1111 1222 1213 1287 aciem
1235 1244 1365 1309 prorsus
1384 1222 1440 1288 ob·

314 1342 419 1399 tusam
450 1356 529 1401 esse.
562 1335 708 1423 Apparet
731 1336 833 1421 igitur
855 1336 1124 1422 comparationem
1148 1336 1238 1416 βαφῇ
1262 1335 1378 1417 σίδηρος
1402 1333 1439 1408 ὣς

313 1447 472 1525 ἐθκνθνθκν
507 1470 567 1514 non
598 1449 701 1514 teneri
724 1470 825 1536 posse.
850 1447 1046 1515 Bliimnerus
1068 1469 1159 1513 suam
1183 1447 1438 1515 emendationem

313 1561 470 1626 illustrat:
499 1561 569 1643 „ich
595 1561 704 1628 wurde
717 1610 724 1626 .
739 1610 746 1626 .
762 1610 791 1626 ..
815 1561 896 1627 noch
917 1560 1010 1627 mehr
1029 1561 1183 1644 besttrkt,
1203 1561 1374 1647 gleiohwie
1386 1562 1439 1626 dio

317 1673 420 1755 „stahl
443 1673 542 1738 durch
567 1674 620 1739 die
642 1673 799 1759 lbschung
822 1694 886 1738 nur
908 1673 988 1739 noch
1013 1673 1122 1739 htrtcr
1144 1674 1257 1741 wird.'’

358 1786 482 1852 Verum
507 1793 555 1853 est
577 1791 703 1866 στομοῦν
725 1793 757 1852 et
780 1788 937 1871 στόμωσις,
961 1788 1089 1875 proprie
1108 1787 1148 1853 de
1166 1786 1346 1853 indurando
1365 1787 1439 1853 cha·

314 1901 390 1987 lybe
428 1907 591 1987 usurpata,
627 1882 788 1966 interdum
823 1900 971 1966 adhiberi
1005 1901 1045 1965 ad
1080 1902 1181 1967 aciem
1216 1899 1437 1985 iudicandam3

313 2015 388 2080 inde
423 2022 529 2080 tamen
565 2036 627 2080 non
658 2016 805 2102 sequitur
827 2016 960 2081 eandem
984 2015 1145 2103 duplicem
1170 2014 1437 2100 significationem

313 2127 432 2194 habere
456 2129 590 2194 verbum
616 2128 722 2213 θήγειν,
746 2150 942 2216 quamquam
965 2128 1101 2196 durities
1123 2134 1155 2195 et
1176 2128 1261 2193 acies
1280 2128 1438 2193 satisarte

314 2241 398 2305 inter
421 2262 455 2305 se
478 2241 664 2306 cohaerent:
692 2244 742 2328 „je
766 2241 990 2329 voratiglichcr
1011 2241 1067 2308 der
1088 2240 1183 2325 stahl‚
1206 2241 1262 2307 das
1285 2247 1317 2306 to
1336 2240 1439 2306 feiner

314 2354 394 2420 wird
429 2354 482 2420 die
517 2353 700 2420 schneidc.'’
735 2355 958 2421 Intentissima
991 2376 1068 2421 oure
1101 2354 1218 2422 deiude
1247 2355 1299 2422 vir
1327 2354 1438 2421 doctus

314 2468 457 2553 undiquc
490 2468 625 2533 contulit
660 2470 821 2556 permulta
852 2490 936 2557 quae
962 2470 1127 2557 pertinent
1156 2469 1196 2533 ad
1219 2468 1436 2534 indurandum

313 2580 482 2667 chalybem
506 2588 538 2646 et
559 2582 718 2647 acuendos
741 2583 874 2669 gladios,
894 2604 981 2670 quae
1005 2605 1079 2649 cum
1102 2590 1210 2648 tamen
1233 2604 1307 2648 cum
1330 2588 1437 2648 nostro

312 2702 502 2781 argumento
526 2697 634 2762 minus
656 2696 855 2782 cohaereant,
880 2697 1055 2762 omittenda
1077 2705 1162 2763 sunt.

358 2806 442 2872 Oasn
466 2809 603 2896 quodam
628 2811 662 2874 in
686 2810 793 2874 studia
815 2811 926 2875 critica
950 2810 1133 2893 incidimus,
1157 2811 1324 2897 quaejam
1344 2810 1436 2877 nobis

312 2923 522 3009 relinquenda
556 2932 631 2989 sunt
665 2925 693 2988 si
725 2924 764 2989 do
799 2945 863 2989 uno
893 2932 1058 3011 praetcrea
1087 2926 1155 2989 loco
1178 2923 1357 2991 viderimus
1378 2923 1437 3010 qui

313 3035 397 3100 ultro
431 3036 523 3100 nobis
557 3059 591 3101 se
625 3035 727 3103 offert.
762 3036 916 3102 Vidimus
946 3036 1075 3103 delendi
1104 3059 1195 3124 posse
1227 3058 1336 3112 vocem
1358 3035 1436 3117 ὅρκοι

312 3150 506 3236 surrepsisse
541 3150 608 3214 loco
642 3172 679 3214 eo
714 3151 748 3213 in
779 3149 882 3215 Aiace
905 3173 949 3214 vs.
975 3150 1038 3227 649
1064 3172 1121 3236 pro
1143 3151 1284 3235 genuino
1306 3150 1436 3214 nomine

311 3258 407 3337 θγκις.
443 3261 533 3327 Haec
567 3262 630 3326 duo
660 3263 790 3327 nomina
813 3284 943 3349 prorsus
962 3263 1072 3328 eodem
1096 3261 1189 3328 modo
1212 3263 1343 3328 confusa
1366 3283 1435 3328 csse

313 3376 463 3442 videntur
503 3375 552 3440 El.
589 3378 641 3440 47.
679 3375 807 3443 Orestes
843 3377 1065 3464 paedagogum
1100 3359 1243 3442 instituit
1277 3376 1435 3463 quomodo

312 3490 418 3556 dolose
452 3490 582 3554 domum
619 3491 738 3555 intrare
773 3490 887 3555 debeat
921 3498 957 3555 ut
991 3512 1100 3558 rerum
1131 3497 1249 3556 statum
1280 3497 1373 3555 cauto
1403 3496 1436 3556 et

312 3609 458 3668 accurate
480 3603 679 3690 speculetur:

555 3778 690 3856 ἄγγελλε
713 3778 739 3842 δ’
763 3775 839 3858 ὅρκον
861 3776 1021 3858 προστιθεὶς
1043 3777 1175 3842 θθοθνεκα

556 3892 667 3964 τέθνηκ’
692 3891 834 3970 Ὀρέστης
858 3888 891 3965 ἐξ
914 3891 1083 3969 ἀναγκαίας
1105 3895 1213 3971 τθχκς,

556 4003 665 4068 ἄθλοισι
689 4007 851 4068 Πυθικοῖσιν
874 4006 907 4069 ἐκ
930 4003 1119 4084 τροχηλάτων

556 4118 663 4197 δίφρων
686 4117 838 4185 κυλισθείς·

358 4295 448 4375 Quae
477 4296 589 4380 jussus
622 4299 671 4358 cst
705 4293 758 4358 hic
792 4299 901 4380 postca
929 4294 1067 4377 nuntiat,
1098 4299 1325 4378 argumentum
1349 4316 1433 4360 oom-

313 4407 429 4470 mentis
462 4427 584 4491 augens
617 4413 714 4492 atque
749 4427 909 4471 exornans
931 4405 1019 4488 adeo,
1044 4413 1081 4471 ut
1103 4428 1161 4494 per
1183 4406 1344 4494 octaginta
1367 4408 1433 4474 lere
