3500 5375
836 721 878 781 55

290 904 329 971 dc
363 906 435 968 lana
470 927 552 990 quae
586 904 678 969 humi
702 904 825 989 dejecta
849 903 931 968 miro
954 903 1047 967 modo
1071 925 1146 968 mox
1169 902 1311 984 evanuit,
1336 900 1415 965 dicit

292 1015 406 1081 Trach.
433 1018 514 1081 697:

512 1183 555 1259 ῥεῖ
575 1182 636 1243 τοῖν
659 1178 765 1252 οῖδκλον
790 1178 841 1241 καῖ
863 1178 1051 1257 κατέψυκται
1074 1178 1166 1257 χθονί.

335 1341 390 1403 Ai.
426 1341 507 1403 1267
534 1340 621 1419 χύρις
645 1341 758 1419 διαρρεῖ,
785 1340 828 1405 ib.
855 1341 919 1403 523
944 1342 1061 1418 ἀπορρεῖ
1082 1346 1223 1415 μνῆστιςς
1248 1338 1288 1403 de
1311 1344 1415 1402 muta·

291 1452 350 1516 bili
372 1459 456 1517 sorte
480 1452 529 1515 El.
554 1454 638 1547 9¹99:

513 1618 624 1691 δαίμων
649 1618 679 1679 δὲ
703 1624 764 1686 τοῖς
789 1609 996 1694 μὲνέύτυχδς
1021 1617 1085 1679 καθ’
1110 1616 1228 1694 ἡμέραν,

512 1732 583 1805 ἡμῖν
607 1731 633 1793 δ’
657 1732 782 1808 ύτορρεῖ,
807 1728 884 1792 acini
909 1730 1001 1805 μηδὲν
1024 1728 1151 1807 ἔρχεται,

289 1902 426 1965 quocum
450 1881 517 1944 loco
542 1880 684 1944 maxime
707 1878 856 1943 convenit
880 1878 993 1963 fragm.
1013 1880 1102 1977 Q
1120 1881 1156 1943 7:
1203 1863 1213 1933 l

511 2028 668 2108 χύταντερ
692 2029 783 2101 αὑτῆς
806 2027 1001 2106 εὐγενεστάτη
1027 2035 1118 2107 φανῇ,

509 2140 601 2204 τύλιν
624 2142 727 2220 διαρρεῖ
750 2139 827 2204 acini
851 2142 943 2218 μηδὲν
966 2138 1094 2219 ἔρχεται,

290 2290 374 2376 quod
397 2289 436 2355 de
461 2284 538 2354 luna
560 2290 683 2354 dictum
707 2296 764 2372 cst,
785 2288 867 2376 quae
888 2289 1005 2355 cotidie
1024 2296 1188 2377 aspectum
1209 2296 1322 2354 mutat.
1344 2289 1416 2355 Hoc
1503 2285 1507 2346 l

290 2403 505 2488 fragmentum
529 2404 609 2467 duas
633 2404 673 2468 ob
696 2424 807 2467 causas
830 2403 1004 2468 notandum
1027 2410 1091 2469 est:
1112 2404 1190 2490 quia
1202 2405 1317 2468 unicus
1329 2404 1417 2469 locus

290 2523 338 2580 est
373 2516 430 2579 ubi
465 2516 550 2603 apud
585 2514 774 2603 Sophoclem
811 2516 888 2580 luna
918 2523 1196 2599 commemoratur,
1226 2525 1258 2581 et
1289 2523 1434 2604 propter}

291 2629 453 2716 duplicem
477 2632 763 2717 comparationem
788 2630 843 2696 ille
865 2652 992 2718 nempe,
1016 2632 1074 2718 qui
1097 2630 1150 2696 hic
1173 2631 1317 2718 loquitur
1339 2621 1434 2697 suae*

291 2743 376 2807 vitae
407 2744 510 2807 varias
534 2744 734 2831 condiciones
757 2750 919 2830 comparat
942 2767 1015 2809 cum
1040 2753 1108 2809 rota
1131 2745 1283 2826 volventi,
1307 2745 1415 2809 statim

290 2857 498 2944 subsequitur
520 2859 714 2944 comparatio
737 2880 810 2923 cum
831 2860 908 2922 luna
928 2848 1083 2946 perpetuo
1103 2859 1238 2923 formam
1251 2865 1414 2924 mutante:
1441 2908 1443 2914 .

511 3010 581 3071 ἀλλ’
606 3010 693 3085 οὑμὸς
716 3009 762 3072 cisi
787 3015 901 3085 πότμος
925 3011 953 3073 ἕν
977 3012 1074 3087 τυκνῷ
1099 3012 1158 3073 ύεού

512 3127 607 3202 τροχῷ
631 3131 784 3187 κυκλεῖται
808 3123 857 3186 καῖ
881 3124 1086 3200 μεταλλάσσει
1109 3123 1208 3202 Φύσιν.

513 3235 604 3314 ὥσπερ
628 3236 751 3309 σελύννρς
775 3236 801 3299 δ’
826 3235 891 3314 dcta
914 3235 1041 3316 εύΦρύνα
1065 3235 1112 3300 δύο

512 3359 615 3422 στῆναι
639 3349 748 3412 δύναιτ’
773 3350 809 3412 aa
833 3348 931 3413 οὔποτ’
956 3351 984 3411 ἐν
1009 3357 1107 3427 papati
1132 3353 1197 3430 μιρῖ,

459 3463 488 3526 5.
513 3463 584 3525 αλλ’
608 3460 640 3534 ἐξ
664 3462 775 3536 αδύλου
798 3468 906 3540 πρῶτον
930 3461 1048 3540 ἔρχεται
1063 3461 1133 3533 νεά,

513 3576 659 3655 τρύσωτον
683 3575 869 3638 καλλύνουσα
893 3574 944 3638 καῖ
968 3573 1161 3653 τλκρουμὲνν.
1271 3656 1273 3660 Ι

301 3770 302 3773 ¹
335 3723 396 3788 Sed
422 3725 510 3810 prius
534 3722 573 3787 ad
598 3723 733 3787 flumina
756 3722 954 3789 redeundum
979 3730 1027 3788 est
1046 3743 1143 3808 quam
1164 3721 1203 3786 de
1224 3721 1297 3785 aliis
1311 3721 1418 3786 videa·

291 3860 372 3901 mus,
411 3836 578 3901 Habemus
614 3835 729 3900 Traah.
766 3838 829 3899 919
862 3837 990 3914 δακρύων
1023 3837 1114 3915 ύερροοῖ
1140 3835 1281 3911 νύματα,
1305 3834 1414 3900 eodem

291 3952 428 4037 pertinet
459 3951 645 4036 metaphora
678 3970 742 4036 qua
773 3949 875 4038 fontes
907 3949 1139 4036 respiciuntur:
1174 3949 1264 4025 σαροῖ
1289 3948 1417 4027 δακρύων

293 4066 369 4128 Ant.
394 4065 469 4146 8035
493 4062 607 4128 Traoh.
633 4065 716 4147 8523
740 4062 825 4128 idem
849 4040 964 4128 nomen
988 4062 1179 4138 transfertur
1201 4062 1241 4124 ad
1265 4060 1417 4126 audiendi

292 4178 475 4243 facultatem
500 4176 570 4241 ΟΒ.
599 4177 701 4242 1387:
725 4178 750 4241 εῖ
773 4185 825 4250 τῆς
852 4177 1010 4248 ἀκουούσης
1035 4174 1076 4238 ἔτ’
1102 4171 1134 4248 ἦν
1157 4183 1258 4252 πηγῆς
1282 4176 1317 4238 δι’
1338 4174 1417 4237 ὤτων

291 4291 444 4371 Φραγμός.
481 4289 530 4354 Of.
566 4291 679 4376 fragm.
716 4292 791 4372 655,
827 4291 846 4353 2
879 4291 979 4360 νυκτὸς
1011 4288 1123 4366 nayda,
1157 4296 1189 4353 et
1213 4288 1326 4374 fragm.
1352 4289 1416 4352 378

292 4403 395 4481 νεαροῖς
425 4403 593 4481 ύτοτύρους.
