3500 5375
655 1518 870 1593 CAPUT
922 1518 1030 1593 VIII.

746 1796 935 1803 —·--—-—

321 2011 405 2077 Oum
439 2011 704 2097 praecedentibus
738 2011 889 2097 capitulis
922 2031 962 2073 ne
991 2004 1096 2075 dicem
1121 2030 1240 2090 omnes,
1264 2014 1405 2073 atcerte
1452 2035 1501 2092 cg

278 2126 470 2211 insigniores
493 2125 576 2190 locos
599 2124 915 2211 perlustraverimus‚
938 2144 1022 2209 quoe
1045 2123 1085 2187 ed
1109 2145 1159 2191 res
1179 2128 1320 2208 agrestes
1332 2144 1405 2209 per·

278 2240 391 2319 tinent,
411 2242 480 2325 jem
504 2238 575 2323 egri
599 2239 690 2303 nobis
714 2236 918 2323 relinquendi
941 2243 1026 2319 sunt,
1051 2244 1088 2301 ut
1107 2257 1164 2301 nos
1182 2241 1405 2301 convertamus

277 2354 318 2417 sd
340 2352 482 2418 civitatis
506 2352 663 2433 institute,
687 2352 727 2415 sd
751 2351 914 2416 fabrorum
938 2351 1091 2434 officinas,
1114 2350 1153 2415 ed
1176 2350 1241 2414 elic
1264 2371 1357 2437 quae,
1377 2350 1405 2413 si

278 2488 338 2533 non
371 2472 496 2530 tentum
521 2465 561 2545 ed
585 2466 740 2530 urbanam
764 2466 863 2530 vitem
887 2465 987 2529 solem
1011 2465 1076 2529 sint
1098 2458 1274 2548 referenda,
1297 2470 1405 2529 tumen

278 2580 486 2647 eruditiorem
510 2585 543 2645 et
566 2580 733 2644 cultiorem
760 2580 845 2644 ritae
869 2584 989 2642 statum
1013 2584 1166 2665 spectent.

323 2693 498 2775 Lueckius,
534 2695 627 2759 ouius
661 2694 954 2779 disputatiunculae
984 2695 1053 2779 jem
1084 2699 1158 2759 ente
1181 2693 1309 2779 saepius
1331 2692 1429 2846 con-l

278 2809 450 2889 soluimus,
475 2807 553 2872 hoec
575 2816 765 2893 arguments
785 2809 882 2873 etiam
904 2807 1070 2892 tractosit5
1090 2828 1172 2894 quae
1191 2816 1298 2873 temen
1310 2807 1405 2873 initio

277 2923 366 2988 tertii
397 2922 572 2987 voluminis
602 2921 681 2986 dicit
712 2920 751 2986 de
775 2921 816 2986 Iis
840 2922 937 2987 rebus
959 2942 1041 3008 quse
1064 2921 1104 2986 ed
1127 2943 1194 2986 rem
1214 2921 1403 3008 judicialem

277 3034 472 3102 revocandae
494 3041 578 3118 sunt,
602 3057 664 3100 non
688 3036 821 3122 probare
844 3056 985 3122 possum.

208 3167 211 3176 ·
323 3149 435 3237 Ipsum
471 3149 657 3214 eudismns:
692 3156 807 3236 „etque
837 3148 916 3214 haec
940 3148 1072 3236 quidem
1096 3150 1189 3214 nobis
1212 3149 1324 3214 crebra
1347 3171 1406 3214 nec

282 3269 424 3348 „vegete
454 3268 511 3326 out
544 3264 664 3348 majore
686 3261 792 3327 studio
815 3283 834 3326 a
857 3267 952 3348 poete
974 3283 1128 3348 expresse
1153 3261 1311 3328 videntur.
1336 3261 1404 3326 Vix

282 3376 386 3457 „enim
419 3376 556 3441 sentitur
579 3396 657 3439 usus
681 3375 918 3462 metaphoricos
941 3375 1111 3441 verborum
1136 3377 1242 3454 κρίνεα,
1267 3375 1404 3455 ἔλεγχος,

282 3488 447 3570 ᾒὲλέγχειν,
472 3493 595 3568 μάρτυς,
621 3489 823 3568 μαρτύρεσθαι,
848 3495 1012 3568 μαρτυρεῖν,
1037 3490 1197 3560 αἰτιᾶσθαι,
1223 3497 1405 3568 κατηγορεῖν,

283 3603 430 3683 „croyon
455 3607 544 3674 νικᾶν,
569 3604 716 3683 eliorum,
739 3625 822 3689 quae
844 3623 920 3667 sene
944 3603 976 3666 in
1000 3602 1132 3687 juditiis
1150 3603 1254 3668 locum
1276 3603 1404 3684 habent,

283 3717 356 3796 „sed
390 3716 431 3780 eb
466 3717 616 3781 omnibus
649 3717 859 3802 scriptoribus
883 3717 923 3782 de
945 3717 1019 3781 aliis
1040 3738 1168 3803 quoque
1190 3717 1288 3782 rebus
1310 3740 1403 3783 usur·

201 3865 203 3870 ·
283 3836 428 3917 „pentus
452 3828 555 3894 Paulo
578 3829 772 3914 insigniores
797 3829 949 3895 videntur
972 3831 1145 3895 nonnullos
1169 3831 1327 3916 imagines
1351 3853 1405 3896 vo-

284 3943 415 4023 „cabulo
439 3943 502 4015 ὃίκα
527 3942 659 4025 effictae,
684 3943 772 4009 velut
794 3943 850 4007 Αἰ.
875 3944 919 4006 44
931 3965 978 4030 sq.
1001 3945 1052 4008 οὐκ
1077 3947 1114 4007 siv
1138 3968 1209 4009 τοτε
1232 3944 1312 4019 δίκην
1335 3947 1404 4010 κατ’

284 4061 396 4136 πα’λλοα
419 4056 516 4137 <Deris
540 4051 587 4119 ὧδ’
612 4057 782 4135 ε’ψήφισανς
806 4056 885 4121 Ant.
912 4058 976 4120 742
1000 4057 1048 4121 δια
1073 4057 1153 4131 δίκας
1175 4059 1222 4122 tto
1242 4060 1334 4140 πατρί
1339 4088 1349 4135 ;
1370 4060 1405 4124 in

284 4171 451 4256 „plurimis
485 4176 592 4235 autem
628 4170 706 4235 Iocis
738 4171 786 4235 vis
817 4169 1035 4258 metaphorica
1066 4173 1138 4257 ejus
1162 4172 1253 4237 verbi
1277 4194 1405 4259 prorsus

285 4283 467 4365 „evanuit”
833 4275 835 4279 ’

327 4397 424 4462 Hisce
443 4397 627 4462 subcribere
647 4419 708 4462 non
730 4420 869 4486 possum.
885 4396 1064 4463 Verborum
1078 4404 1220 4485 captator
1230 4421 1271 4467 ne
1283 4401 1406 4487 videar,
