3500 5375
290 1038 292 1041 .
818 969 877 1035 VI.

328 1098 377 1165 Ib.
405 1100 490 1163 1180
502 1120 567 1185 sq.:

706 1188 731 1251 εἰ
753 1186 811 1265 γὰρ
835 1182 916 1258 οὗτος
939 1181 967 1249 εἶ

372 1302 403 1366 ὅν
424 1309 516 1383 Φνσιν
539 1298 628 1374 οὗτος,
652 1301 706 1365 ἴσθι
730 1301 900 1377 δύσποτμος
923 1303 1028 1378 γεγώς.

327 1442 496 1529 Loquendi
531 1440 725 1506 consuetudo
758 1462 815 1527 pro
850 1440 956 1527 priore
986 1440 1174 1526 pronomine
1197 1434 1276 1509 οὗτος
1300 1458 1408 1503 neces·

283 1556 367 1621 sario
390 1556 526 1643 requirit
548 1564 649 1627 κεῖνος,
675 1561 711 1619 nt
735 1553 952 1641 reponendum
976 1554 1035 1617 sit:
1060 1551 1087 1616 εἴ
1106 1578 1143 1631 γε
1165 1560 1255 1624 κεῖνος
1280 1547 1315 1619 εἷ.

327 1906 377 1973 Ib.
403 1896 488 1972 1382
501 1929 548 1993 sq.
559 1930 567 1971 ε

372 2048 448 2110 ὠθεῖν
471 2043 610 2112 ἅπαντας
635 2045 684 2109 τὸν
707 2044 815 2121 dcciii,
840 2044 889 2108 riv
913 2046 1036 2107 ἐνδεῶν

372 2158 494 2238 Φνινέντ’
519 2162 646 2237 ἄναγνον
669 2157 721 2222 aa)
743 2157 843 2236 γένους
867 2163 919 2222 τοῦ
943 2159 1046 2224 Λαΐου.

327 2298 483 2364 Extrema
507 2296 603 2363 verba
627 2298 842 2382 corrigantur:
867 2297 936 2376 πρὸς
960 2296 1048 2377 φόνον
1071 2302 1122 2361 τοῦ
1146 2297 1250 2363 Action.

798 2532 894 2597 VIII.

326 2672 424 2762 Verg.
448 2674 531 2741 Aen.
555 2673 583 2759 I,
608 2650 750 2762 ceusu:

370 2837 409 2880 en
434 2813 595 2879 Priamus.
618 2820 694 2878 sunt
716 2813 770 2879 hio
794 2815 889 2878 etiam
915 2835 973 2879 sua
997 2815 1141 2901 praemia
1160 2814 1260 2898 laudi,

370 2934 445 2992 sunt
466 2928 617 2993 lacrimae
638 2950 745 2992 reram
764 2935 793 2992 et
816 2934 955 2993 mentem
979 2928 1127 2993 mortalia
1150 2934 1295 3014 tangunt.

326 3065 449 3132 Yersns
471 3064 599 3150 legendi
621 3031 653 3130 et
675 3065 925 3152 interpungendi
949 3072 1040 3130 sunt:

371 3226 410 3270 en
435 3200 602 3269 Priamus!
627 3210 703 3269 sunt
725 3204 779 3269 hic
802 3205 900 3270 etiam
923 3225 982 3268 sna
1005 3206 1148 3290 praemia
1171 3204 1271 3288 laudi,

371 3326 446 3383 sunt
469 3318 620 3384 lacrimae
643 3320 773 3401 miscis,
799 3324 989 3383 mentemst
1012 3318 1160 3383 mortalia
1182 3326 1328 3404 tangunt.

1124 3411 1130 3437 I

814 3553 874 3620 IX.

230 3722 233 3730 ·
327 3693 434 3759 Plaut.
458 3692 550 3781 Oapt.
574 3695 657 3759 201:

326 3809 510 3897 Ejulatione
532 3806 618 3872 haud
635 3829 721 3895 opus
745 3813 809 3873 cst:
833 3809 932 3872 oculis
952 3808 1083 3872 multam
1106 3810 1190 3872 iram
1211 3809 1312 3872 editis.
1404 3890 1406 3893 v

325 3923 413 4011 Lege
438 3944 549 3989 versus
572 3923 688 3988 finem:
713 3923 814 3988 oculos
835 3922 970 3987 mattam
989 3923 1124 3988 laeditis.

827 4158 870 4224 X.

327 4297 429 4365 Tacit.
453 4268 565 4384 Agric.
589 4319 657 4385 cap.
681 4299 720 4362 9:

327 4410 392 4480 Ubi
435 4417 610 4481 conventus
650 4433 687 4482 ac
727 4411 849 4479 iudicia
887 4419 1062 4506 poscerent,
1096 4413 1215 4505 gravis,
1250 4411 1403 4502 intentus,
