3500 5375
840 722 899 784 121

348 905 401 970 Ad
444 903 708 970 constructionem
749 907 927 991 comparari
962 911 1094 991 possunt
1130 904 1198 970 00.
1234 908 1316 971 73οε
1352 909 1427 984 iaris

303 1021 457 1092 ἐπεισόδου,
490 1017 519 1083 ὃν
543 1018 615 1096 μήτ’
640 1021 758 1091 ὀκνεῖτε,
783 1020 875 1105 qnasi
899 1021 1106 1105 praecesserit
1129 1020 1178 1105 με’,
1203 1020 1318 1085 Trach.
1344 1022 1426 1085 768:

302 1134 395 1212 χιτὼν
431 1132 666 1209 προσπτύσσεται
697 1139 866 1213 πλευραῖσιν
894 1133 1072 1213 ἀρτίκολλα,
1098 1132 1172 1198 ὥστε
1194 1133 1335 1219 τέκτονος,
1358 1134 1427 1199 scil.

302 1246 518 1331 κολλήσαντοςς
542 1246 616 1310 alia.

347 1358 577 1446 Quoquomodo
602 1360 663 1423 viri
688 1358 770 1423 docti
791 1358 897 1424 locum
917 1359 1003 1424 hunc
1017 1359 1189 1446 accipiunt,
1202 1365 1288 1425 certo
1299 1363 1429 1446 propter

302 1494 354 1537 me
383 1472 501 1559 judice
530 1472 779 1559 pulcherrimam
814 1472 1034 1559 metaphoram
1069 1473 1110 1539 ab
1133 1474 1221 1539 omni
1244 1474 1427 1561 suspicione

303 1585 465 1651 vindicare
489 1586 585 1651 velim
610 1586 708 1651 verba
732 1583 784 1660 νὺξ
807 1585 994 1666 ε’ναρνζομένα
1019 1587 1109 1651 τίκτεν
1134 1584 1247 1655 Ἄλεον.

346 1696 450 1763 Urbes
474 1698 641 1762 vastandas
665 1705 808 1786 spectant
832 1698 1021 1764 Tecmessae
1045 1700 1143 1765 verba
1166 1700 1221 1765 Ai.
1246 1701 1329 1764 896:

545 1847 641 1927 ᾤχεο
671 1846 769 1911 ὄλωλα
791 1849 1035 1929 δοαπεπόρθερμαν,
1060 1849 1150 1929 Φίλα,

300 2000 340 2063 cf.
366 1999 409 2063 ib.
434 2021 479 2063 vs.
507 2000 610 2063 1198:
635 2007 726 2070 κεῖνος
749 1999 820 2085 (qui
843 2020 933 2063 arma
953 2000 1090 2085 invenit)
1111 2000 1227 2080 ἔπερσεν
1246 2001 1424 2084 ανθρώπονς;

301 2110 454 2179 Herculis
478 2111 574 2176 verba
599 2110 713 2175 Trach.
742 2113 844 2175 1104:
870 2111 1087 2192 ἐκπετόρθνμαν
1110 2112 1218 2184 rarae,
1235 2111 1305 2177 ΟΒ.
1321 2113 1423 2176 1455:

300 2225 378 2299 μήτε
414 2225 447 2290 α’
480 2224 516 2287 ἂν
548 2223 626 2287 νόσον
658 2226 731 2301 μήτ’
756 2229 832 2289 ἄλλο
855 2224 958 2305 πέρσαν
983 2225 1085 2302 μηδὲν,
1111 2223 1177 2289 OC.
1203 2226 1285 2289 703:
1308 2226 1424 2289 οὶλοώσεν

300 2338 366 2417 χερὶ
390 2338 499 2418 πέρσας
526 2338 608 2421 (scil.
632 2338 758 2423 ἐλαίαν).

344 2449 541 2516 Proditionis
577 2452 734 2517 notionem
771 2452 929 2517 sentimus
953 2451 1031 2516 Ant.
1055 2453 1138 2515 322:
1162 2452 1209 2515 ἐπ’
1236 2452 1348 2532 ἀργύρῳ
1370 2451 1424 2522 τὴν

301 2565 405 2643 ψυχὴν
429 2565 556 2645 προδούς,
581 2564 620 2630 cf.
645 2564 695 2629 nl.
723 2566 802 2630 125:

544 2720 653 2797 ματρὸς
677 2716 775 2781 ἁλόντ’
800 2717 935 2784 affarea
960 2718 1179 2796 Ἀγαμέμνονα

541 2837 621 2914 κακρῖ
645 2856 678 2895 τε
700 2831 777 2912 χειρὶ
800 2831 942 2911 πρόδοτον,

298 2982 355 3068 qui
387 2983 474 3046 locus
497 3003 554 3046 nos
577 2981 664 3047 ducit
687 2981 725 3045 ad
751 2982 885 3046 verbum
908 2981 1080 3059 οὶλίσκοροαν,
1105 2981 1190 3068 quod
1214 2981 1342 3067 saepius
1365 3002 1424 3066 per

299 3095 514 3182 metaphoram
539 3095 721 3178 adhibetur,
746 3117 776 3160 v.
790 3117 816 3160 c.
841 3095 897 3159 Αἰ.
923 3097 1006 3159 216:
1028 3095 1122 3178 μανία
1141 3094 1239 3168 ἁλούς,
1254 3094 1323 3159 OR.
1339 3096 1421 3159 542:

297 3209 456 3287 τυραννίδα
480 3211 574 3288 tupris,
599 3207 612 3272 ὃ
636 3211 739 3282 πλήθει
763 3209 917 3288 χρήμασίν
942 3211 965 3273 θ’
990 3210 1153 3273 ἁλίσκεται.

762 3454 951 3462 ——..-——-

341 3625 440 3691 Hisce
462 3627 617 3692 absolutis
640 3627 813 3691 habuimus
837 3649 891 3692 eas
915 3629 1167 3714 comparationes
1188 3635 1220 3694 et
1241 3629 1419 3695 translatio-

296 3759 363 3822 nes,
398 3761 480 3825 quae
516 3742 600 3804 inter
633 3740 761 3825 singula
795 3763 913 3826 genera
943 3748 1022 3828 quot
1053 3743 1294 3807 observavimus
1318 3743 1420 3808 dividi

297 3860 437 3939 possunt.
468 3854 515 3917 nt
546 3862 718 3940 supersunt
744 3855 862 3940 plures,
887 3877 969 3941 qnae
994 3863 1122 3943 propter
1145 3855 1247 3942 ipsam
1272 3863 1418 3920 naturam

296 3987 400 4051 neque
423 3966 480 4031 uni
503 3967 638 4032 alterive
660 3969 770 4052 generi
794 3976 879 4034 reete
898 3969 1133 4052 adscribuntur,
1152 3992 1256 4056 neque
1268 3970 1308 4034 ab
1320 3971 1420 4035 altera

297 4084 386 4163 perte
419 4079 612 4144 omittendae
648 4087 732 4163 sunt,
764 4082 790 4145 si
826 4083 901 4168 quis
932 4083 973 4146 iis
1005 4083 1121 4148 studiis
1147 4085 1296 4149 incubuit
1318 4090 1354 4147 ut
1379 4085 1419 4148 ad

296 4190 485 4255 translatum
511 4193 678 4257 verborum
705 4215 797 4258 usum
823 4194 975 4260 attendat.
1290 4280 1294 4285 ν
1464 4267 1467 4283 ,

341 4304 387 4368 At
422 4326 497 4369 vero
527 4327 646 4388 omnes,
670 4328 710 4371 ne
742 4328 806 4371 una
829 4309 959 4394 quidem
985 4310 1112 4391 omissa,
1137 4310 1339 4396 metaphoras
1363 4334 1420 4398 per
1463 4288 1466 4345 i

296 4437 423 4485 censere
458 4425 596 4506 quantae
627 4419 719 4484 molis
743 4421 807 4485 est!
834 4420 952 4506 Ingens
971 4423 1056 4486 enim
1082 4430 1130 4487 est
1152 4444 1306 4489 numerus
1329 4434 1361 4491 et
1384 4427 1417 4490 in
1463 4396 1465 4405 Ι
