3500 5375
825 736 883 797 101

289 919 459 1005 superbiae
483 919 569 983 enim
594 920 680 984 notio
704 925 787 984 recte
810 918 959 995 ethaerct
981 941 1054 984 cum
1079 940 1116 984 ea
1135 940 1231 1005 quam
1252 920 1416 984 continent

290 1032 387 1096 verba
410 1039 587 1111 περισκελεῖς
612 1030 723 1115 φρένες,
748 1038 1010 1117 υυυοιριαοίοοοα
1033 1032 1106 1097 aliis
1129 1032 1168 1097 de
1187 1032 1293 1097 causis
1312 1032 1409 1097 etiam
1454 1062 1457 1067 ·

270 1144 348 1210 ‘hoc
371 1167 485 1210 nomen
508 1146 629 1233 optime
652 1146 838 1233 quadretsi
860 1165 1082 1233 comparamus
1106 1169 1152 1211 rs.
1177 1147 1340 1234 raama:

488 1320 529 1384 τίι
553 1320 610 1399 γαρ
632 1320 755 1400 περιοοίι
778 1321 917 1394 κοῖνίιρπα·
930 1320 1057 1398 λήματα
1072 1322 1102 1406 ¹)

490 1435 606 1497 πίπτειν
629 1434 761 1514 βαρείαις
783 1435 852 1513 πρὸς
877 1436 943 1498 θεῶν
966 1432 1159 1514 δυσπραξίαις

489 1546 607 1627 ἔφασχ’
631 1548 644 1610 ί
669 1549 786 1623 μοίντις,
810 1545 888 1619 ὅστις
912 1548 1058 1627 οίνίροίπου
1080 1548 1170 1626 Φύσιν

447 1698 449 1705 -
490 1661 631 1737 βλαστὼν
655 1659 758 1725 ἔπειτα
781 1661 825 1735 μίν
849 1662 917 1725 κατ’
943 1662 1088 1740 οίνίρονπον
1111 1665 1211 1742 Φρονρῖ.

334 1834 512 1922 Superbiae
542 1838 732 1900 documenta
757 1842 789 1899 et
812 1834 883 1921 ipse
906 1833 1077 1921 Sophocles
1099 1834 1278 1912 affertlvss.
1303 1837 1409 1898 762-

291 1950 365 2032 775,
400 1956 432 2014 et
465 1949 635 2038 scholiasta
665 1948 704 2012 ad
728 1948 783 2012 Αἰ.
811 1949 893 2012 127ε
916 1946 994 2028 Φασὶ
1019 1948 1066 2011 τὸν
1089 1948 1206 2013 Αἴαντα
1230 1948 1320 2029 τρίτον
1344 1951 1410 2023 ἧσε-

291 2062 414 2139 βιρκέναι
450 2063 512 2142 περὶ
547 2063 612 2134 τοὺς
649 2062 735 2133 θεούς·
766 2065 875 2141 πρῶτον
908 2061 963 2137 μὲν
996 2061 1135 2138 ἐκβαλεῖν
1160 2066 1210 2125 τοῦ
1235 2060 1335 2143 δίφρου
1358 2062 1412 2134 τῖον

289 2176 416 2248 Ἀίννοῖν
451 2174 632 2253 βουλομένην
666 2176 745 2255 αὐτῷ
780 2180 971 2253 συμμαχεῖν,
1006 2172 1132 2253 δεύτερον
1164 2173 1336 2246 ἀπαλεῖψαι
1358 2176 1412 2248 τὴν

289 2294 412 2366 γλαῦκα
446 2286 498 2359 τὴν
533 2285 782 2366 ἐγγεγραμμένον
816 2287 856 2367 τῷ
887 2274 969 2367 ίπλιρ
998 2288 1089 2351 αὐτοῦ
1112 2283 1146 2361 ἐξ
1168 2285 1245 2359 ἔθους
1267 2285 1410 2367 πατρῴου,

289 2400 379 2479 τρίτον
402 2399 444 2464 ὅτι
468 2403 520 2465 οὐκ
542 2400 657 2473 ἐπείσθη
682 2402 721 2480 τῷ
745 2399 835 2480 πατρί
856 2399 1087 2478 συμβουλεύοντι
1099 2399 1243 2465 πείίεοίαι
1254 2407 1316 2473 τοῖς
1328 2403 1410 2472 ίεοῖς.

332 2511 553 2600 (temperanda
566 2514 664 2579 etiam
677 2517 751 2577 sunt
763 2511 929 2579 Minervae
940 2511 980 2577 ad
993 2511 1144 2600 Ulyssem
1154 2512 1315 2579 rerbcAi.
1327 2514 1387 2576 127
1399 2536 1407 2578 ι

865 2688 1022 2768 ὑπέρκοπον

488 2803 579 2881 μηδέν
603 2804 669 2867 ποτ’
693 2801 775 2882 είπρς
799 2803 888 2874 αὐτὸς
911 2803 950 2874 είς
974 2803 1050 2875 θεοὺς
1074 2801 1152 2875 ἔπος,

419 2963 421 2968 -
488 2918 559 2995 μηδ’
583 2917 668 2995 ὄγκον
691 2920 745 2998 οίρρ
769 2917 883 2994 μηδέν’.

332 3082 420 3148 Voce
449 3082 533 3160 ἕρκος
563 3089 670 3146 nostro
699 3081 767 3146 loco
790 3081 922 3167 probata
944 3087 1029 3146 recte
1051 3080 1222 3145 concinunt
1245 3099 1328 3165 qnae
1351 3079 1407 3143 ha·

288 3199 400 3264 bemus
425 3220 470 3261 vs.
496 3197 578 3260 648:
602 3197 651 3260 οὐκ
675 3195 736 3258 ἔστ’
761 3194 889 3259 οίελππον
912 3194 1009 3274 οὐδέν;
1034 3194 1123 3256 Aiax
1147 3194 1234 3258 enim
1256 3193 1408 3276 invictus,

287 3311 454 3397 superbus,
477 3317 578 3374 semet
601 3309 671 3395 ipso
693 3315 817 3372 tantum
842 3308 944 3373 frctus
967 3307 1046 3372 adeo
1071 3314 1106 3372 nt
1130 3308 1215 3393 ipsos
1237 3307 1312 3371 deos
1334 3328 1407 3371 con·

287 3433 451 3506 temneret,
475 3446 537 3489 non
560 3431 802 3511 exspectaverat
824 3444 858 3486 se
888 3442 1030 3509 unquam
1050 3428 1116 3485 tam
1134 3441 1266 3507 gravem
1286 3420 1406 3485 cladem

287 3547 493 3626 accepturum
517 3560 595 3602 esse.

321 3651 405 3717 ¹Non
430 3652 532 3736 magis
555 3650 701 3736 expediti
724 3655 799 3713 sunt
822 3671 868 3714 vs.
895 3648 958 3711 ‘158
971 3669 1037 3735 sq.:
1080 3675 1083 3680 ·

486 3815 526 3877 τα
549 3813 608 3894 γὰρ
630 3812 753 3892 περιοοίο
775 3810 904 3885 κοίνίιρτα
927 3812 1056 3889 σώματα

357 3961 360 3968 ·
404 3981 405 3984 ,
487 3929 603 3991 πίπτειν
626 3926 757 4007 βαρείαις
781 3927 850 4005 πρὸς
874 3927 940 3989 θεῶν
963 3921 1163 4005 δυσπραξίαις.

331 4091 454 4175 Rogare
489 4088 586 4153 velim
623 4108 698 4151 num
731 4087 811 4152 forte
840 4091 980 4173 praestet
1009 4086 1161 4163 πτώματα
1186 4107 1242 4170 pro
1265 4086 1405 4168 σώματα,

287 4203 328 4269 of.
352 4203 428 4268 Ant.
456 4203 558 4265 1045:

317 4464 343 4528 1)
361 4463 462 4524 λήματα
479 4480 539 4514 cum
559 4463 675 4513 Nauckio
694 4477 739 4526 pro
756 4462 868 4522 σώματα.
