3500 5375
841 702 883 763 87

295 885 374 950 bum
416 886 568 964 ἐκβαλεῖν,
604 887 697 952 cuius
732 888 818 953 nctic
852 887 1024 953 violentiae
1057 887 1117 952 loci
1150 893 1283 952 naturae
1315 886 1419 971 magis

295 999 473 1063 conveniat.

340 1110 449 1177 Idtiam
472 1112 615 1177 dubitari
637 1119 741 1200 potest
763 1113 802 1179 de
825 1112 913 1178 Phil.
941 1115 1044 1177 1007:

496 1271 535 1340 οἷ’
560 1271 599 1340 αὖ
622 1278 656 1353 μ’
680 1278 816 1351 ὑπῆλθεν,
841 1276 878 1349 ὥς
901 1279 936 1355 μ’
959 1278 1096 1357 ἐθνροθοω.

296 1435 432 1524 Propter
465 1439 598 1504 verbum
630 1437 757 1520 ε’θνρσθσω
781 1439 913 1504 fortasse
936 1439 1141 1505 statuendum
1164 1448 1212 1505 est
1236 1446 1418 1506 venatorem

297 1552 423 1638 respici,
447 1553 505 1639 qui
528 1560 620 1618 caute
645 1560 677 1617 et
699 1554 821 1618 occulte
846 1554 996 1640 praedam
1021 1554 1174 1641 subrepat
1188 1556 1223 1638 ¹).

337 1664 450 1732 Restat
472 1667 528 1732 Ai.
554 1668 636 1732 609:

492 1830 543 1894 καί
565 1853 613 1906 μοι
637 1829 864 1910 δνσθεροθπεντος
889 1828 967 1901 Αἴας
990 1827 1119 1903 ξύνεστιν
1144 1830 1272 1910 ἔφεδρος,

292 1980 409 2045 schah:
433 1980 550 2062 ἕΦεδοοο
580 1981 612 2045 δέ
635 1983 711 2044 ἐστιν
735 1983 764 2045 ἐν
787 1990 849 2053 τοῖς
872 1984 984 2050 οὶνῶσιν
1007 1982 1020 2044 θ
1044 1981 1088 2057 μὴ
1111 1983 1302 2057 πλανώμενος
1324 1982 1363 2053 εἰς
1386 1982 1419 2045 τὸ

292 2094 483 2175 ἀγωνίζεσθαι
514 2103 574 2167 τοῖς
606 2101 727 2159 νικῶσιν·
751 2097 878 2159 ἐνταῦθα
903 2090 949 2159 οὖν
971 2101 1063 2172 Φνσιν
1085 2094 1128 2159 ὅτι
1152 2094 1282 2174 ἔσχατος
1306 2093 1358 2159 καὶ
1381 2096 1419 2167 ὡς

293 2207 411 2289 ἔφεδρος
434 2209 553 2288 ἐλείφθη
579 2233 628 2287 μοι
651 2210 665 2273 ὁ
690 2208 765 2280 Αἴας
789 2212 828 2281 εἰς
851 2208 950 2273 κακόν.

337 2322 437 2408 Pugil
456 2324 555 2388 semel
574 2331 699 2389 tautum
713 2324 897 2388 nominatur
910 2324 943 2386 in
957 2324 1193 2410 comparatione
1205 2322 1321 2387 Trach.
1334 2324 1396 2386 441
1410 2344 1417 2386 :

494 2472 599 2556 Ἔρωτι
623 2475 678 2552 μέν
701 2500 748 2539 ννν
771 2473 850 2547 ὅστις
872 2476 1087 2539 ἀντανίσταται

450 2582 452 2587 ’
494 2589 608 2663 πύκτας
632 2587 708 2661 ὅπως
731 2591 761 2661 ἐς
785 2596 900 2669 χεῖρας,
926 2590 957 2654 οὐ
980 2592 1078 2661 καλῶς
1102 2593 1203 2669 Φρονεῖ.

293 2741 333 2805 cf.
357 2740 471 2826 fragm.
497 2741 608 2806 234t:
632 2741 700 2819 πρὸς
723 2740 776 2811 τὴν
801 2740 936 2817 οἰνοθγκνν
959 2741 1018 2804 οὐδ’
1042 2737 1135 2818 ”Acar
1158 2741 1342 2833 οθνθίοταται.

336 2853 502 2919 Lueckius
539 2860 702 2941 praetcrea
735 2853 774 2917 ad
808 2855 984 2940 palaestrae
1015 2852 1174 2940 quandam
1199 2854 1419 2918 excercitatio-

292 2989 367 3033 ncm
387 2968 438 3032 vel
458 2968 498 3032 ad
510 2967 622 3033 ludum
636 2968 825 3055 gymnicum
837 2969 1000 3055 pertinere
1012 2969 1195 3053 suspicatur
1206 2967 1320 3051 fragm.
1335 2968 1418 3031 656:

495 3121 555 3183 θεοῦ
580 3119 610 3182 δὲ
634 3121 754 3196 πληγὴν
777 3121 835 3197 οὐχ
858 3119 1011 3200 ὑπερπνδᾷ
1035 3119 1145 3199 βροτός.

339 3269 517 3334 Addendus
552 3275 599 3334 est
634 3267 701 3334 00.
735 3291 781 3334 vs.
817 3270 899 3333 701:
924 3273 1062 3346 γλαυκᾶς
1086 3269 1281 3348 παιδοτρόφον
1304 3270 1419 3350 φύλλον

293 3382 395 3457 ἑλθας,
419 3404 516 3470 quam
540 3383 730 3448 locutionem
756 3382 922 3448 Lueckius
946 3383 1105 3467 respicere
1127 3382 1207 3447 dicit
1225 3405 1341 3470 pucros
1361 3385 1419 3470 qui

290 3504 358 3562 arte
393 3498 545 3584 gymnica
579 3497 769 3562 erudiantur
803 3502 900 3583 atque
931 3496 977 3559 ita
1006 3495 1045 3559 ad
1078 3496 1155 3560 belli
1179 3517 1273 3560 usum
1298 3497 1419 3584 optime

292 3611 509 3695 instruantur3
533 3610 648 3694 deiude
672 3610 749 3675 huic
771 3610 983 3696 explicationi
1002 3600 1172 3695 suffragari
1194 3610 1291 3675 verba
1302 3610 1417 3690 ἐγχέων

293 3724 424 3804 φθβνμα
459 3725 545 3789 δαΐων
582 3748 626 3790 vs.
664 3726 744 3808 6993
781 3724 867 3788 hunc
902 3745 1031 3789 versum
1063 3731 1170 3789 tamen
1200 3725 1294 3810 longe
1324 3725 1419 3790 aliter

292 3838 433 3903 illustrat
465 3838 644 3904 scholiasta.
680 3838 785 3903 Locus
818 3839 932 3924 gravia
964 3858 1077 3925 passus
1109 3845 1166 3921 cst,
1190 3845 1227 3902 ut
1250 3838 1353 3903 tutius
1375 3840 1441 3957 sit)

294 3974 407 4018 manus
430 3953 601 4018 abstinere.
1438 3960 1441 4007 Ι

337 4066 505 4132 Accedunt
534 4066 690 4153 quaedam
716 4087 798 4154 quac
821 4066 984 4154 pertinent
1006 4065 1046 4129 ad
1068 4067 1171 4130 animi
1193 4065 1418 4131 delectationes
1440 4048 1444 4076 ¹

293 4179 492 4266 placidioris,
528 4179 613 4245 unde
644 4187 777 4267 apparet
806 4201 912 4267 neque
935 4179 994 4244 otii
1017 4179 1184 4244 domestici
1206 4179 1417 4245 delectamina

298 4349 438 4358 --..--..—

328 4441 354 4505 1)
374 4440 412 4493 ar.
430 4441 523 4493 numu.
540 4441 585 4504 ιιι,
603 4454 657 4510 pag.
675 4437 699 4491 a
