3500 5375
854 672 897 735 20

652 860 682 925 ἰὼ
707 860 815 924 κλεινδν
840 858 965 925 Οἰδίπου
988 857 1073 937 κούρα,

649 966 794 1053 tetras
818 972 908 1048 ανον

648 1087 735 1159 αύτδς
759 1085 874 1167 ἤρκεσεν

648 1200 733 1265 παιδὶ
752 1200 807 1265 ,καὶ
832 1199 924 1281 πατρὶ

649 1313 853 1393 ύαλαμηπύλῳ
877 1319 987 1386 πεσεῖν,

309 1425 366 1490 ubi
400 1424 432 1489 Ν
434 1425 570 1491 eueliius
602 1425 821 1493 Heimsoethii
845 1429 1060 1514 conjecturam
1085 1426 1221 1511 recepit:
1246 1429 1307 1495 πῶς
1330 1421 1433 1501 γύμου

271 1612 275 1619 ,
308 1541 397 1618 λιμην
421 1541 509 1612 αὐτὸς
532 1540 659 1621 ἤρκεσεν.
952 1613 959 1625 ι

353 1650 545 1739 Ceteroquin
570 1654 660 1730 οιιμην
684 1655 789 1719 locum
814 1654 935 1719 indieat
957 1676 1021 1740 quo
1041 1654 1149 1741 plures
1169 1674 1219 1717 res
1232 1652 1434 1738 quasiuaves

309 1767 340 1830 in
374 1773 500 1854 portum
524 1767 717 1852 deveniunt3
743 1792 772 1833 v.
786 1791 813 1834 ο.
839 1767 958 1833 Oreum
982 1789 1046 1854 quo
1070 1766 1219 1833 omnibus
1243 1764 1433 1831 descenden-

308 1880 481 1964 dumerit,
506 1880 609 1948 Creon
633 1883 712 1947 dieit
735 1882 813 1947 Ant.
840 1884 944 1947 1284:

508 1996 536 2060 ze
563 1998 592 2060 in
617 1996 812 2077 δυσκάθαρτος
837 1994 941 2062 Ἅιδου
965 1996 1055 2075 λιμήν
1070 1996 1105 2080 ¹).

353 2106 402 2171 Of.
439 2108 515 2173 Ant.
550 2111 652 2175 1000:
683 2108 750 2191 ἵζων
782 2108 816 2173 ἵν’
841 2105 874 2184 ἦν
900 2135 948 2189 μοι
974 2110 1084 2180 παντὸς
1108 2110 1200 2172 οἰωνοῦ
1224 2107 1324 2185 λιμήν,
1348 2104 1432 2191 quod

308 2220 478 2286 scholiasta
502 2223 660 2309 explieat:
685 2222 769 2303 ύρμος
792 2223 844 2287 καὶ
868 2222 936 2302 ἕδρα
960 2220 1030 2287 ύπου
1054 2222 1154 2287 πύντα
1178 2221 1219 2284 τα
1242 2219 1321 2301 ύρνεα
1344 2242 1431 2294 προσ-

307 2334 460 2415 έρχονται;
484 2335 665 2423 haruspicis
689 2337 846 2423 templum
871 2358 941 2402 esse
965 2338 1027 2401 viri
1051 2335 1133 2401 docti
1157 2339 1311 2399 statuunt.

353 2448 469 2515 Portus
492 2452 670 2538 oppugnati
691 2452 799 2537 imago
823 2459 871 2517 est
894 2449 961 2516 00.
986 2453 1069 2514 811:

508 2562 625 2637 ἄπελθ’,
649 2565 698 2643 ἐρῶ
722 2566 779 2644 γὰρ
803 2564 854 2627 καὶ
878 2566 930 2644 πρὸ
954 2565 1052 2636 τῶνδε,
1077 2563 1153 2640 μηδὲ
1177 2586 1216 2640 με

507 2676 641 2754 Φύλασσ’
666 2678 799 2758 ἐφορμῶν
822 2674 889 2742 ἔνύα
911 2677 969 2758 χρη
995 2678 1072 2742 ναύεν
1096 2674 1158 2754 ε’μὲ.

353 2790 497 2877 Oedipus
528 2813 562 2856 se
593 2791 686 2876 quasi
716 2792 835 2877 quietis
859 2797 986 2879 portum
1011 2791 1150 2856 Athenis
1173 2791 1336 2855 iuvenisse
1360 2783 1432 2854 eon-

309 2903 427 2986 fitetur,
451 2925 546 2990 quem
571 2907 711 2984 ἐφορμεῖν
733 2905 852 2969 dieitur
872 2903 974 2971 Oneon
991 2911 1025 2984 ν’).

354 3016 461 3090 Quum
487 3019 521 3080 ni
544 3017 636 3083 fuller
658 3021 765 3084 emnia
789 3040 871 3106 quae
894 3019 935 3083 ad
958 3041 1045 3085 mare
1069 3026 1100 3085 et
1124 3041 1173 3085 res
1197 3021 1342 3084 nauticas
1363 3040 1433 3106 per·

309 3132 412 3196 tinent
443 3131 754 3218 perlustraverimus,
785 3132 863 3198 huie
893 3133 1119 3220 disputationis
1149 3133 1248 3220 espiti
1266 3134 1335 3220 jam
1359 3132 1434 3196 finis

311 3245 523 3333 imponendus
555 3253 647 3329 esset,
671 3247 735 3311 uisi
759 3246 930 3333 dicendum
955 3269 1023 3313 esse
1049 3247 1212 3312 videretur
1234 3247 1273 3312 de
1295 3247 1363 3311 loeo
1382 3268 1434 3310 me

307 3358 418 3446 judice
442 3362 504 3425 hue
527 3360 703 3443 referendo,
727 3368 759 3426 et
782 3360 821 3426 de
844 3383 908 3448 quo
933 3361 1172 3448 interpretando
1192 3362 1276 3425 inter
1296 3359 1434 3424 sedissi-

310 3473 387 3540 dent
408 3474 472 3539 viri
495 3473 589 3540 docti.
613 3474 750 3560 Legitur
773 3474 850 3540 Ant.
878 3476 981 3540 1156:

510 3591 561 3653 ούιι
585 3587 642 3653 ἔσθ’
670 3589 765 3654 ὁποῖον
787 3589 891 3654 στάντ’
915 3589 951 3653 etv
975 3590 1123 3669 ύνύρύπου
1146 3588 1209 3667 βίον

510 3703 569 3768 οὔτ’
594 3704 741 3782 αἰνέσαιμ’
765 3704 801 3769 ύιν
824 3703 889 3769 ούτε
912 3706 1097 3785 μεμψαίμην
1120 3705 1199 3769 ποτέ.

510 3817 590 3897 τύχη
615 3818 673 3897 γὰρ
695 3820 769 3900 ύρύοῖ
789 3818 840 3883 καὶ
864 3817 946 3898 τύχη
971 3819 1142 3900 καταρρέπει

510 3932 558 3996 τὸν
582 3933 766 4010 εὐτυχοῦντα
789 3930 837 3996 τύν
860 3955 893 3994 τε
916 3932 1110 4011 δυστυχοῦντ’
1135 3930 1191 3998 etsi.

356 4044 463 4110 Verba
486 4051 561 4109 sunt
582 4044 690 4108 nuntii
712 4045 770 4130 qui
793 4065 867 4110 eum
891 4044 987 4110 choro
1007 4044 1184 4110 Haemonis
1203 4048 1338 4108 mortem
1350 4063 1434 4107 eom·

344 4320 373 4384 i)
390 4321 428 4370 Cf.
446 4321 485 4370 ni.
503 4316 584 4369 1194:
602 4315 738 4366 πολύκοινον
755 4316 852 4367 Ἅιδαν.

343 4413 372 4477 2)
389 4412 426 4463 cf.
444 4411 544 4462 Nauck.
560 4411 593 4460 ad
611 4410 682 4460 huuc
699 4410 799 4474 locum3
818 4409 918 4460 Redtke
935 4409 970 4459 ih.
987 4424 1042 4475 pag.
1061 4408 1085 4458 8.
