3500 5375
870 726 910 787 13

316 912 438 1000 aceepit
461 913 639 999 periculose
664 911 795 978 vivendi
810 917 844 996 ¹),
868 912 974 998 qualis
998 918 1046 978 est
1068 911 1118 977 Ill.
1146 914 1230 976 1074
1256 913 1389 993 πρόδοτος
1414 912 1445 976 δὲ

317 1026 394 1104 μθνα
417 1026 534 1089 σαλεύει
557 1026 723 1106 Ἠλέκτρας
748 1032 913 1113 praeterea
936 1026 1093 1092 habemus
1116 1025 1195 1091 duos
1219 1027 1302 1091 looos
1321 1027 1356 1090 in
1376 1027 1445 1091 An·
1502 1076 1506 1088 ,

317 1142 426 1227 tigone
453 1140 533 1203 163:

516 1302 624 1382 ἄνδρες,
648 1302 689 1365 τθο
712 1303 766 1379 μὲν
791 1303 825 1375 δη
850 1303 953 1375 ντθλεος
977 1305 1125 1383 οὶσΦαλῶς
1149 1304 1204 1368 θεοὶ

517 1417 616 1495 πολλῷ
640 1414 724 1494 σθλῳ
747 1415 897 1488 σείσαντες
921 1415 1052 1497 ὤρθωσαν
1076 1415 1176 1490 τοθλνν,

319 1512 351 1571 et
376 1506 457 1568 187:

519 1592 578 1657 οὔτ’
603 1594 639 1658 θον
663 1594 748 1673 φίλον
772 1595 837 1658 τοτ’
862 1593 952 1674 ἄνδρα
977 1596 1106 1672 δυσμενῆ
1130 1595 1231 1675 χθονὸς

519 1711 618 1787 θείμην
641 1710 770 1789 ἐμαυτῷ,
795 1714 879 1773 τοῦτο
901 1710 1070 1787 γιγνώσκων
1093 1707 1135 1775 θτν

520 1821 566 1895 ἥδ’
589 1822 670 1886 ἐστὶν
693 1824 710 1897 ἧ
733 1821 878 1901 σώζουσα,
903 1823 952 1887 καὶ
975 1822 1088 1896 ταύτης
1111 1822 1159 1887 ἔτι

519 1936 656 2008 πλέοντες
680 1938 757 2015 ὄρθἠς
780 1937 846 2007 τοὺς
870 1937 975 2015 Φίλους
998 1937 1164 2011 ποιούμεθα.

364 2101 499 2166 Tumidi
522 2102 619 2165 maris
642 2102 795 2189 perieulis
819 2102 1066 2167 imminentibus
1089 2110 1259 2168 nautarum
1279 2105 1366 2169 salus
1384 2105 1445 2168 im·

319 2215 433 2302 primis
463 2215 580 2302 pendet
606 2237 624 2281 e
646 2215 870 2300 gubernatoris
894 2216 1011 2302 peritia
1033 2221 1130 2303 atque
1153 2218 1289 2283 virtute:
1313 2219 1346 2281 in
1369 2239 1444 2283 eum

320 2351 430 2394 omnes
464 2329 571 2394 oeulos
601 2336 800 2411 convertunt,
824 2331 896 2414 ejus
921 2331 1014 2415 jussa
1037 2337 1241 2417 exspectant3
1265 2351 1328 2395 non
1352 2332 1446 2397 aliter

319 2444 406 2509 oives
440 2444 537 2509 rebus
571 2443 714 2509 adversis
748 2443 905 2508 adflioteti
935 2444 1076 2509 civitatis
1107 2444 1285 2530 priuoipem
1308 2444 1444 2509 salutem

319 2563 448 2644 rogant3
473 2558 574 2623 veluti
597 2556 667 2622 ΟΒ.
695 2558 735 2621 15
757 2562 790 2622 et
812 2556 974 2644 imprimis
996 2556 1040 2621 ib.
1065 2578 1112 2622 vs.
1136 2558 1178 2619 40
1192 2579 1260 2643 sqq.

363 2671 473 2760 Ipsius
496 2670 672 2758 Oedipodis
691 2692 781 2737 mens
800 2677 908 2736 tamen
928 2670 1056 2736 turbata
1067 2678 1124 2753 est,
1137 2677 1306 2758 postquam
1318 2669 1445 2737 audivit

319 2786 476 2852 horrenda
510 2786 663 2852 vaticinia
696 2807 715 2848 a
750 2785 877 2850 Tiresia
912 2784 1074 2874 praedicta
1107 2807 1154 2851 vs.
1186 2786 1261 2868 362,
1287 2786 1351 2848 366
1364 2808 1444 2872 sqq.,

320 2899 384 2963 408
398 2922 466 2987 sqq.
501 2898 609 2985 Igitur
643 2920 769 2963 summa
800 2899 966 2964 anxietate
996 2898 1136 2985 impulsa
1158 2897 1285 2964 dooasto
1307 2900 1444 2964 salutem

321 3035 453 3101 presens
483 3014 523 3078 ad
558 3014 744 3101 Apollinem
769 3036 802 3080 se
826 3015 985 3080 convertit
1007 3037 1054 3079 vs.
1079 3015 1154 3098 922,
1177 3021 1274 3101 atquo
1297 3015 1446 3101 preoibus

320 3129 425 3195 addit:

697 3247 833 3320 θκνοῦμεν
858 3243 968 3314 τοθντες
992 3243 1236 3327 ἐκπεπληγμένον

519 3365 609 3420 κεῖνον
632 3358 793 3434 βλέποντες
817 3359 854 3426 ὡς
878 3356 1054 3435 κυβερνήτην
1078 3356 1155 3426 νεώς.

363 3520 481 3586 Itidem
524 3541 583 3584 rex
618 3493 738 3584 dieitur
772 3528 942 3598 ναυκληρεῖν
977 3518 1060 3582 τόνον
1096 3517 1175 3582 Ant.
1211 3519 1294 3603 9943
1329 3518 1445 3584 deinde

319 3635 453 3700 notanda
478 3642 554 3698 sunt
576 3632 705 3720 Ulyssis
730 3634 827 3727 verba
850 3632 890 3697 ad
914 3631 1095 3698 Minervam
1119 3632 1174 3696 Ai.
1198 3634 1259 3696 35:
1283 3642 1319 3711 οη
1340 3634 1443 3712 κυβερ-

320 3754 413 3822 νῶμαν
437 3749 503 3827 χερί
524 3754 556 3812 et
581 3747 694 3833 fragm.
719 3748 784 3810 470
808 3746 959 3826 πρῳρθτης
985 3750 1117 3826 στρατοῦ.

363 3859 511 3946 Simplex
541 3881 656 3925 nomen
688 3860 820 3937 τὲλαγος
845 3880 1068 3925 aerumnosam
1094 3867 1126 3924 et
1148 3859 1310 3924 difficilem
1336 3859 1444 3925 eondi-

318 3975 441 4040 ci011em
477 3972 637 4059 signifieat
667 3971 733 4038 00.
767 3975 850 4037 1746
884 3975 955 4052 μέγ’
988 3976 1044 4054 ἄρα
1069 3975 1201 4051 πέλαγος
1225 3974 1374 4053 ἐλαχέτην
1398 3999 1443 4048 τις

318 4089 429 4153 eadem
453 4087 638 4175 metaphora
661 4089 756 4175 paulo
780 4096 854 4152 ante
873 4088 1010 4173 legitur;
1030 4087 1174 4174 Oedipus
1194 4087 1336 4153 εεθθλοον
1349 4090 1444 4164 δέμας

319 4201 400 4268 dono
434 4202 509 4268 dare
541 4202 665 4268 Theseo
694 4202 780 4267 dixit
811 4226 857 4269 vs.
891 4204 974 4287 5765
1006 4203 1123 4267 metuit
1153 4210 1259 4269 tamen
1290 4225 1330 4269 ne
1348 4205 1443 4290 jussu

324 4375 466 4382 -----

352 4479 379 4544 l)
396 4479 511 4529 Radtke:
530 4479 561 4530 de
579 4479 735 4545 tragicorum
755 4479 911 4530 Graecorum
930 4480 1012 4543 tropis
1028 4481 1061 4543 11,
1077 4495 1132 4545 pag.
1151 4479 1174 4529 7.
