3500 5375
878 681 920 743 72

375 867 501 934 Deinde
525 869 639 933 θάλλειν
663 870 853 935 transfertur
875 870 915 935 ad
939 870 1005 937 fere
1034 874 1142 937 omnia
1165 895 1247 961 quae
1271 875 1393 957 virent3
1415 875 1455 940 de

331 982 472 1048 Hercule
495 981 617 1047 dictum
642 990 691 1047 est
712 982 827 1048 Trach.
851 986 934 1049 234:

551 1142 646 1222 ἔγωγὲ
668 1168 711 1209 τοι
734 1147 790 1225 σφ’
815 1144 926 1211 ἔλειπον
953 1147 1096 1226 ἱσχάοντά
1121 1173 1153 1212 τε

551 1259 601 1323 καὶ
625 1258 721 1339 ζῶντα
744 1260 796 1324 καὶ
820 1260 970 1326 θάλλοντα
991 1264 1041 1327 κού
1064 1261 1134 1342 νάσῳ
1157 1263 1257 1342 βαρύν.

329 1408 368 1475 de
391 1408 509 1498 Ulysse
532 1416 564 1474 ct
587 1409 745 1475 Diomede
768 1411 823 1477 Ai.
849 1412 932 1476 420:
957 1413 1113 1485 θάλλοντὲς
1132 1414 1185 1478 εἶσι
1205 1420 1254 1479 νῦν
1273 1416 1454 1495 ἒνἈρνείον

329 1525 452 1604 στρατῷ.

374 1636 410 1702 si
444 1643 590 1703 mortuus
620 1640 802 1725 opponitur,
834 1640 892 1726 qui
924 1640 1008 1704 vivit
1031 1640 1150 1705 dicitur
1172 1642 1227 1721 βίῳ
1252 1640 1378 1721 θάλλειν,
1402 1642 1453 1707 ΕΙ.

329 1753 412 1837 951;
448 1758 612 1839 praeterea
641 1752 797 1818 habemus
828 1754 960 1829 πήματα
993 1754 1140 1818 θάλλοντα
1163 1754 1214 1819 ΕΙ.
1239 1757 1305 1819 260
1329 1763 1361 1821 et
1385 1758 1401 1829 ἡ
1427 1758 1453 1821 δ’

329 1868 387 1943 ἐμὴ
413 1865 490 1935 νάσοο
513 1865 560 1931 ciri
583 1867 685 1939 τέθηλε
709 1868 785 1931 udal
809 1867 910 1947 μεῖζον
934 1867 1052 1947 ἔρχεται
1077 1867 1164 1932 Phil.
1189 1871 1263 1933 259.
1453 1935 1456 1942 ,

375 1978 530 2066 Sequitur
565 1979 699 2044 verbum
731 1979 836 2052 άνθεῒν,
861 1980 901 2045 de
931 1982 1030 2045 arista
1052 1980 1173 2046 dictum
1200 1981 1314 2067 fragm.
1340 1985 1453 2047 462o:

509 2136 617 2212 πρῶτον
641 2133 695 2209 μὲν
719 2131 783 2211 ὄψει
806 2134 906 2197 λευκὸν
929 2135 1070 2197 άνθοῦντα
1094 2136 1221 2214 στάχυν.

329 2282 369 2347 ad
406 2282 553 2347 morbum
588 2281 767 2346 traducitur
797 2281 912 2346 Trach.
949 2284 1051 2347 1089:
1074 2282 1192 2357 θνθνκεν
1216 2285 1297 2367 (scil.
1323 2284 1454 2365 θιάβορος

330 2395 434 2481 νόσος),
469 2396 509 2460 ad
543 2396 727 2481 superbiam
762 2394 877 2480 fragm.
915 2398 997 2461 705:
1033 2396 1113 2476 ὕβρις
1145 2400 1241 2473 άνθεῖ;
1274 2400 1313 2464 cf.
1336 2398 1387 2464 ΕΙ.
1412 2402 1453 2463 43

331 2510 506 2587 ἠνθισμένοι.
530 2510 570 2575 de
593 2530 668 2574 sene
691 2509 873 2596 paedagogo
897 2510 1029 2593 dictum,
1049 2532 1145 2598 quam
1167 2513 1343 2599 imaginem
1363 2514 1454 2579 illus·

330 2631 393 2690 trat
421 2623 589 2689 Nauckius
612 2621 772 2690 afferendo
795 2624 872 2706 loce,
898 2625 955 2690 ubi
977 2625 1117 2712 legimus
1140 2631 1247 2707 γήραος
1272 2630 1360 2693 άνθεα
1385 2631 1453 2694 θνα-

331 2746 402 2812 τοῖς,
426 2760 491 2825 quo
514 2739 644 2803 nomine
665 2739 736 2802 cani
760 2739 870 2824 capilli
892 2738 1053 2805 dicuntur.

299 2849 308 2944 'l
377 2852 621 2918 Substantivum
657 2851 740 2923 άνθος
775 2854 820 2917 ita
851 2860 1035 2940 usurpatur,
1067 2860 1103 2917 ut
1133 2855 1272 2919 alicuius
1296 2843 1343 2920 rei
1366 2856 1454 2921 fasti-

301 2896 311 3051 ΙΙ
331 2969 423 3053 glum
457 2965 633 3031 indicetur:
668 2967 775 3051 imago
810 2965 885 3030 inde
919 2967 1091 3053 repetenda
1121 2989 1190 3033 esse
1220 2969 1348 3034 videtur
1370 2971 1454 3056 quod

276 3078 280 3084 ’
305 3026 317 3125 l
332 3083 459 3169 plantae
483 3080 550 3144 fere
573 3100 676 3165 usqne
699 3078 739 3142 ad
762 3079 949 3144 florescendi
973 3087 1100 3166 tempus
1123 3088 1279 3164 crescunt,
1303 3089 1372 3147 tum
1396 3084 1453 3146 ali-

331 3195 519 3285 quantisper
541 3193 729 3270 consistunt,
752 3192 867 3259 deinde
888 3194 1043 3279 paulatim
1065 3216 1258 3261 marcescere
1278 3198 1455 3284 incipiunt;

332 3312 378 3376 sic
408 3308 619 3396 explicandus
651 3313 699 3372 est
731 3306 846 3371 Trach.
870 3330 918 3371 vs.
946 3310 1031 3372 1000
1054 3310 1202 3382 άκήλντον
1226 3311 1335 3385 μανίας
1360 3315 1453 3385 ἄνθος,

331 3425 372 3490 cf.
396 3423 510 3508 fragm.
537 3422 599 3485 182
623 3424 736 3486 άλντον
759 3421 841 3492 ἄνθος
864 3421 958 3491 άνίας.
982 3419 1160 3508 Corruptus
1180 3423 1267 3488 locus
1279 3430 1327 3489 est
1339 3422 1454 3490 Trach.

334 3540 418 3604 548:
441 3533 477 3600 ὧν
500 3534 690 3616 ἀφαρπάζειν
713 3539 801 3616 Φιλεῖ
821 3536 976 3616 ὀφθαλμὸς
1000 3535 1100 3608 άνθος;
1121 3537 1280 3601 sententia
1296 3537 1375 3604 haec
1387 3561 1456 3605 csse

332 3653 476 3720 videtur:
512 3651 545 3713 in
580 3649 710 3736 quibus,
745 3670 817 3714 cum
854 3651 968 3715 aetatis
1002 3651 1079 3716 flore
1109 3650 1271 3735 fruuntur,
1304 3654 1355 3716 vir
1380 3675 1452 3718 cum

332 3765 541 3830 delectatione
564 3762 671 3827 oculos
695 3764 805 3849 pascit.
1124 3758 1126 3762 ’

377 3876 547 3943 Praeterea
569 3874 799 3940 attendendum¹
821 3882 869 3941 est
891 3876 931 3940 ad
952 3879 1169 3963 metaphoram
1196 3880 1273 3944 Ant.
1298 3881 1379 3945 959:

510 4026 581 4092 οὕτω
605 4031 662 4100 τοῖς
685 4027 794 4105 μανίας
818 4028 905 4092 δεινὸν
928 4027 1092 4110 άτοοτάζει

508 4142 625 4223 άνθνρθν
648 4166 681 4205 τε
704 4142 799 4219 μένος.

335 4319 388 4378 „so
411 4295 512 4360 llieset
534 4315 592 4358 aus
615 4293 686 4358 dem
713 4291 896 4358 Wahnsinn
916 4295 1056 4380 blutiges
1075 4295 1217 4362 Unheil”
1240 4299 1336 4363 vertit
1347 4299 1455 4365 Nauc-

331 4409 424 4494 kius;
448 4408 533 4486 μένος
557 4409 749 4494 sanguinem
768 4407 952 4494 significare
972 4408 1133 4474 interdum
1154 4409 1267 4475 docent
1285 4411 1341 4475 Αἰ.
1358 4414 1454 4496 1411,
