3500 5375
866 733 908 797 83

341 918 626 987 Commemoranda
659 922 718 986 hoc
749 921 817 986 loco
847 923 945 987 ctiam
970 929 1018 987 est
1040 921 1212 1008 descriptio
1236 922 1420 987 certaminis

296 1036 380 1100 inter
411 1035 586 1101 Herculem
618 1042 651 1100 et
681 1036 873 1119 Acheloum,
904 1044 1001 1121 atque
1032 1038 1130 1102 verba
1153 1037 1271 1122 quibus
1295 1059 1422 1124 pugnae

296 1151 493 1215 atrocitatem
518 1157 702 1237 praemonet
726 1157 818 1237 poeta
843 1149 958 1215 Trach.
985 1151 1067 1214 504:

519 1313 592 1384 τίνες
617 1312 766 1392 αμφίγοα
789 1312 924 1388 κατέβαν
948 1312 999 1392 πρὸ
1022 1310 1140 1390 γάμον,

519 1427 593 1497 τίνες
617 1426 811 1504 παμπλνκτα
836 1426 1004 1503 παγκόνντοὶ
1027 1427 1054 1486 τ’
1078 1424 1125 1494 ἐξ·

519 1541 603 1611 ἦλθον
626 1538 706 1602 ἄεθλ’
731 1539 870 1616 οὶγώνωνς

296 1701 412 1767 deinde
435 1702 582 1795 sequitur
605 1701 700 1787 paulo
726 1708 795 1788 post
818 1709 965 1765 accurata
989 1708 1021 1765 et
1043 1700 1228 1786 significans
1251 1700 1424 1787 descriptio

296 1838 342 1881 vs.
368 1818 448 1880 518:

520 1954 581 2017 τότ’
607 1951 639 2026 ἦν
663 1954 757 2033 χερός,
784 1949 816 2026 ἦν
840 1955 870 2017 δὲ
894 1951 983 2024 τόξων
1006 1953 1144 2030 πάταγος

518 2071 652 2149 τανρείων
675 2070 703 2132 τ’
728 2068 885 2145 οὶνοέμνγδα
909 2068 1043 2147 κεράτων·

518 2179 551 2255 ἦν
574 2183 600 2246 δ’
625 2181 831 2259 αμφίπλεκτον

518 2298 673 2377 κλίμακες,
698 2291 730 2367 ἦν
754 2297 784 2358 δὲ
808 2296 952 2371 μετώπων
977 2297 1095 2359 ὀλάεντα

517 2409 690 2485 πλήγματα
714 2410 764 2472 καὶ
789 2414 887 2480 στόνος
910 2410 1037 2487 ἀμφοῖν.

339 2572 452 2659 Ipsum
484 2593 599 2637 nomen
628 2573 711 2649 νὶγών
740 2570 825 2635 haud
850 2592 921 2635 raro
943 2572 1081 2635 occurrit
1103 2571 1188 2657 apud
1213 2571 1419 2659 Sophoclem3

295 2709 454 2774 nusquam
489 2688 607 2752 clarius
640 2688 781 2751 certandi
818 2688 979 2751 notionem
1014 2689 1217 2772 agnoscimus
1247 2711 1343 2776 quam
1369 2689 1419 2753 El.

298 2804 400 2884 14913
424 2800 557 2866 Orestae
578 2803 675 2866 verba
698 2817 772 2866 sunt
796 2801 836 2864 ad
860 2802 1074 2887 Aegisthum:

518 2973 623 3044 χοροῖς
647 2967 683 3028 ἂν
706 2963 770 3027 εἴσω
794 2966 846 3027 σὺν
870 2965 971 3044 ταχεν·
995 2967 1089 3044 λόγων
1112 2966 1171 3045 γαρ
1194 2970 1225 3031 οὐ

517 3086 566 3144 νῦν
589 3083 665 3144 ἐστιν
689 3081 780 3151 dacio,
807 3080 890 3142 ἀλλὰ
913 3090 966 3153 τῆς
990 3088 1094 3160 ψυχῆς
1118 3082 1189 3160 πέρι,
1458 3102 1460 3135 l

294 3247 352 3332 qui
384 3246 471 3310 locus
495 3245 529 3306 in
554 3245 740 3308 memoriam
766 3250 893 3308 revocat
915 3242 954 3307 ΙΙ.
978 3243 1091 3327 XXII,
1120 3246 1199 3310 161:
1224 3246 1288 3326 περὶ
1312 3254 1418 3326 ψυχῆς

294 3361 364 3424 ’θέον
390 3357 527 3438 Ἕκτορος
551 3357 734 3434 ἱπποδάμοιο.

339 3472 389 3537 Of.
424 3473 496 3544 Ζεὺς
530 3472 652 3550 οὶγώννος
688 3471 802 3535 Trach.
835 3473 888 3553 26,
920 3472 1033 3551 ἀγωνίῳ
1056 3479 1157 3554 σχολᾷ
1181 3474 1236 3537 Ai.
1263 3475 1335 3555 196,
1360 3475 1417 3538 ubi

293 3586 367 3650 vide
393 3584 588 3649 Nauokium.

337 3701 437 3776 Ἀγών
471 3699 568 3764 etiam
604 3697 721 3762 dicitur
752 3706 911 3762 certamen
934 3698 974 3762 de
996 3701 1095 3762 armis
1118 3701 1202 3764 inter
1225 3700 1358 3764 Aiacem
1383 3708 1415 3765 et

294 3813 444 3901 Ulyssem
480 3813 535 3876 Αἰ.
572 3813 647 3894 936,
685 3812 778 3875 1239.
811 3809 860 3875 Cf.
882 3814 937 3876 ib.
970 3836 1015 3876 vs.
1044 3814 1144 3877 1163:
1170 3813 1253 3878 ἔσται
1278 3816 1417 3891 μεγάλας

292 3927 378 4006 lerata
403 3953 446 3998 τις
468 3927 560 4004 oyen.
588 3925 775 3990 Generatim
801 3925 839 3990 do
860 3927 1046 3990 discrimino
1058 3927 1179 3991 dictum
1192 3933 1240 3992 est
1252 3924 1317 3990 00.
1333 3928 1415 3991 587:

293 4045 323 4106 οὐ
348 4043 466 4119 σμικρὸς
490 4043 570 4117 οὶγὼν
594 4039 644 4105 ὅδε
661 4043 702 4125 Ι);
727 4041 767 4105 cf.
792 4040 906 4125 fragm.
932 4043 1006 4123 675,
1032 4043 1069 4104 2:

515 4209 616 4282 μικροῦ
640 4204 666 4266 δ’
691 4202 803 4281 ἀγῶνος
827 4204 857 4266 οὐ
882 4203 952 4280 μέγ’
977 4202 1095 4281 ἔρχεται
1119 4202 1210 4272 κλέος.

329 4473 355 4538 1)
372 4475 410 4524 cf.
428 4474 523 4524 Lueck.
540 4473 585 4533 ΙΙΙ,
604 4489 657 4536 pag.
675 4471 698 4523 7.
