3500 5375
839 680 878 742 17

290 867 349 935 01πο
383 868 515 933 σπεύδειν
551 867 612 933 ἀπὸ
646 872 760 949 ῥυτῆρος
795 875 827 935 et
858 867 1002 933 Nauckii
1033 868 1300 955 explicationem:
1334 868 1413 952 „aiat

295 988 427 1065 „incripta
441 1034 448 1050 .
462 1033 470 1050 .
484 1035 512 1050 ..
549 984 591 1048 ist
625 1003 686 1047 nur
714 982 775 1047 auf
800 982 852 1047 die
884 983 1001 1047 auletnt
1024 988 1205 1068 genannten
1228 983 1350 1047 ἱππόται
1374 1005 1414 1048 au

295 1098 477 1179 „berichem
514 1096 667 1163 wthrend
699 1097 752 1161 fiir
781 1096 843 1162 den
874 1096 999 1169 ἄνιππος
1032 1098 1104 1169 λεώς
1128 1118 1190 1161 nur
1212 1096 1269 1162 der
1291 1096 1418 1183 Begriff

295 1213 370 1293 „der
391 1212 464 1278 Eile
486 1212 580 1298 gilt.”
605 1209 656 1275 Of.
680 1210 784 1275 Schcl.
809 1209 849 1274 ad
871 1210 951 1274 Ant.
979 1211 1051 1275 107.

337 1326 437 1391 Maris
460 1327 577 1390 fluctus
601 1324 732 1411 respicit
754 1324 832 1388 Ant.
857 1325 918 1387 20:
943 1325 1041 1396 δηλοῖς
1064 1349 1093 1387 τι
1115 1325 1310 1404 καλχαίνονσ’
1330 1324 1415 1399 ἔποςς

293 1440 427 1505 verbum
450 1439 622 1518 καλχαίνειν
646 1438 733 1503 enim
756 1438 905 1503 convenit
927 1459 1000 1502 aum
1022 1437 1195 1503 Homerico
1216 1438 1366 1519 τορΦῦρειν
1379 1438 1415 1522 ¹),

294 1552 378 1618 unde
403 1574 490 1618 mare
510 1559 705 1617 commotum
717 1552 916 1631 πορφυροειδές
929 1550 1048 1617 dicitur
1059 1552 1144 1639 apud
1156 1552 1356 1640 Aeschylum
1374 1554 1417 1637 Ξ);

293 1668 409 1734 deinde
439 1668 630 1733 transfertur
659 1667 698 1732 ad
723 1668 823 1731 animi
847 1673 966 1731 statum
991 1667 1228 1753 inquietiorem,
1253 1675 1289 1732 ut
1311 1674 1418 1733 nostro

294 1783 378 1847 loco:
412 1788 498 1869 patet
529 1789 560 1847 te
584 1781 764 1868 perturbari
788 1802 825 1846 eo
850 1779 935 1866 quod
959 1779 1040 1843 mihi
1063 1779 1188 1846 dictura
1212 1784 1295 1866 esi).
1318 1780 1418 1847 Recte

296 1895 465 1960 Nauckius
495 1900 657 1980 comparat
680 1894 775 1958 Lucr.
800 1881 859 1976 VI,
886 1894 946 1957 34:
974 1895 1121 1974 „volvere
1144 1916 1292 1959 curarum
1317 1896 1419 1961 tristis

300 2012 352 2092 „in
377 2016 502 2097 pectore
525 2009 674 2074 fluctus.”

341 2123 394 2187 Ad
424 2145 474 2188 res
504 2143 586 2209 quae
617 2123 723 2186 nautis
754 2122 841 2186 cordi
864 2128 940 2185 sunt
963 2123 1101 2208 pertinet
1124 2124 1220 2187 etiam
1246 2124 1418 2189 substanti-

297 2261 373 2302 vum
397 2232 482 2319 οὖρος,
506 2236 590 2323 quod
615 2236 766 2300 translate
786 2235 905 2321 legitur
929 2235 983 2301 Tr.
1004 2238 1078 2300 815.
1100 2235 1274 2323 Postquam
1299 2236 1420 2324 Hyllus

297 2351 393 2415 matri
415 2350 558 2414 narravit
581 2370 662 2436 quae
687 2348 821 2413 Herculi
844 2349 1029 2414 acciderunt
1052 2350 1140 2414 fatali
1165 2350 1246 2415 dono
1264 2352 1305 2415 ab
1318 2373 1420 2417 uxore

298 2466 395 2528 misso
428 2471 566 2551 accepto,
597 2484 667 2528 eam
699 2464 852 2549 increpat,
877 2463 970 2549 quasi
1002 2464 1125 2529 scilicet
1147 2465 1194 2529 rei
1217 2464 1298 2531 bene
1320 2486 1420 2550 gnara

298 2580 413 2643 marito
446 2578 517 2641 dolo
549 2576 632 2640 malo
664 2597 822 2642 venenum
855 2576 935 2641 illud
968 2577 1153 2663 praebuerit
1182 2576 1257 2642 doni
1281 2580 1419 2664 speciem

299 2701 498 2780 praetexens,
523 2700 559 2756 ut
582 2711 698 2778 poenas
723 2693 870 2776 exigeret
893 2713 993 2776 quum
1015 2690 1104 2756 Iolcn
1127 2695 1235 2756 amare
1254 2694 1419 2779 coepisset.

299 2807 421 2872 Tacens
454 2805 609 2870 Deianira
637 2805 715 2887 abit,
746 2805 840 2869 choro
870 2805 1059 2869 observante
1082 2806 1281 2871 reticentiam
1306 2807 1420 2893 culpae

297 2927 523 3006 argumentum
558 2919 677 3001 videri;
709 2917 829 3005 Hyllus
853 2927 922 2982 tum
948 2919 1014 2984 odii
1037 2920 1160 2984 invisae
1186 2921 1331 2985 mulieris
1354 2922 1421 3008 ple-

299 3057 359 3099 nus
382 3033 567 3120 respondet:

543 3197 605 3260 ἕοῖτ’
631 3196 782 3277 αφέρπειν·
806 3190 882 3275 οὖρος
905 3198 1068 3276 ὀφθαλμῶν
1091 3199 1168 3274 ἐμῶν

513 3332 515 3336 ·
543 3312 620 3387 αὐτῇ
644 3310 747 3387 γένοιτ’
773 3311 886 3373 ἄπωθεν
909 3309 1030 3387 ἑρποῦορ
1054 3310 1154 3379 καλός.

345 3474 394 3540 Of.
427 3475 542 3539 Trach.
573 3475 656 3537 468:
688 3478 788 3537 ταῦτα
820 3476 893 3552 ρἐῖτο
917 3473 985 3534 κατ’
1010 3468 1102 3554 οὖρονς
1127 3470 1214 3536 Phil.
1238 3473 1321 3537 855:
1346 3468 1422 3552 οὖρῦς

301 3613 352 3660 τοι,
387 3588 494 3661 τέκνον,
530 3582 614 3668 οὖρος,
651 3586 683 3649 id
720 3593 777 3667 est,
807 3593 843 3648 ut
874 3585 1044 3650 scholiasta
1075 3585 1233 3672 explicat:
1265 3587 1422 3659 ἐπιτήδειος

301 3703 414 3785 καιρός;
447 3708 609 3788 praeterea
630 3699 669 3764 cf.
695 3699 829 3781 Nauck3
855 3699 930 3763 inde
953 3699 1072 3764 facturn
1097 3707 1145 3764 est
1169 3706 1205 3763 ut
1227 3690 1423 3785 adjectivum

302 3815 386 3896 οὔριος
409 3816 578 3879 conveniat
600 3834 673 3877 eum
696 3811 914 3876 Romanorum
942 3813 1152 3895 „secundus’'.

347 3929 397 3993 De
427 3948 508 3992 nava
538 3926 675 3990 secundo
710 3934 802 4008 vento
825 3927 936 4009 (schol.
961 3928 1041 4006 stoc
1066 3928 1144 4010 πλῷ)
1167 3928 1266 3992 littori
1290 3928 1426 4015 appulsa

338 4249 366 4313 1)
383 4247 468 4298 Schcl.
485 4247 538 4295 ἀντὶ
556 4249 599 4293 τοῦ
616 4243 764 4307 πορφύρουσα
782 4244 823 4292 καῖ
839 4243 1024 4304 τεταραγμένως
1040 4244 1205 4308 Φροντΐζοοοα.

337 4340 364 4404 ⁶2)
383 4339 471 4404 Suppl.
488 4335 545 4388 530.

338 4430 366 4495 3)
385 4430 486 4480 Radtle
503 4430 536 4479 io.
555 4444 610 4493 pag.
629 4427 667 4478 ll).
