3500 5375
889 676 931 739 80

552 866 584 930 οὐ
607 863 667 944 γοίρ
690 888 718 928 τι
742 864 786 927 σοί
809 863 849 944 ζῶ
874 864 986 934 δοῦλος,
1010 862 1095 926 ἄλλα
1115 859 1219 944 Λοξίᾳ·

561 976 630 1042 ὥστ’
654 979 685 1041 οὐ
708 976 841 1057 Κρέοντος
866 975 1029 1055 προστάτου
1053 973 1257 1055 γεγροίψομαο.

384 1140 555 1206 Praeterea
589 1140 744 1205 habemus
779 1138 850 1204 ΟΒ.
887 1141 970 1203 303:
1006 1134 1040 1211 ἧς
1078 1141 1197 1224 (νόσον)
1235 1162 1268 1201 σε
1299 1137 1466 1216 προστάτην

254 1311 258 1330 ,
339 1254 455 1336 σωτῆρα
488 1280 521 1319 τε
551 1260 653 1332 μοῦνον
684 1252 890 1333 ἐξενρίσκομεν,
916 1255 973 1319 ubi
1003 1253 1136 1339 dejure
1160 1252 1270 1318 Attico
1293 1274 1355 1318 non
1380 1253 1465 1339 cogi·
1555 1298 1558 1303 -

339 1369 471 1433 tandum
507 1390 577 1433 esse
611 1367 701 1432 docet
734 1389 849 1432 nomen
885 1368 988 1446 σωτήρ,
1024 1374 1056 1431 et
1090 1366 1325 1453 ejusdemmodi
1360 1367 1467 1452 plures

339 1483 524 1565 locutiones,
550 1480 605 1545 Αἱ.
630 1482 711 1544 803:
737 1481 875 1559 πρίστντ’
899 1480 1070 1558 ἀναγκαίοις
1090 1481 1197 1560 τύχας,
1218 1479 1289 1543 OR.
1310 1480 1372 1543 881
1386 1501 1394 1543 z
1408 1480 1466 1543 θεὸν

340 1598 371 1660 οὐ
396 1594 474 1670 λήξω
497 1596 567 1659 ποτὲ
591 1594 759 1673 προστσίταν
783 1593 895 1674 ίσχονν;
921 1593 1036 1658 Trach.
1061 1594 1144 1658 209:
1170 1594 1311 1657 Ἀπόλλω
1336 1592 1464 1673 προσταί-

339 1734 404 1781 ταν,
440 1708 490 1774 ΕΙ.
529 1710 611 1773 637:
645 1710 738 1785 Φοῖβε
768 1710 966 1788 προστατήριε,
992 1708 1049 1774 ubi
1074 1708 1147 1773 vide
1171 1708 1369 1790 Nauckium,
1394 1705 1464 1771 ΟΒ.

341 1824 423 1887 202:
449 1822 548 1887 Λύκει’
573 1820 652 1896 ἅναξ
675 1823 714 1887 τοί
737 1848 770 1886 τε
793 1822 834 1885 σοὶ
858 1822 952 1899 βέλεα
973 1822 1077 1901 αρωγα
1099 1823 1310 1901 προσταίὲντα.

384 1937 497 2024 Ipsum
529 1958 644 2002 nomen
675 1937 805 2013 μέτοικος
834 1958 897 2001 non
920 1936 952 2000 id
977 1936 1139 2022 significat
1160 1936 1245 2023 qued
1268 1935 1354 2022 apud
1379 1933 1466 1999 Atti·

341 2073 411 2135 cos3
438 2058 587 2137 „propter
609 2050 792 2115 societatem
818 2050 967 2115 vocabuli
987 2048 1087 2123 ξένος”
1100 2070 1171 2114 sam
1183 2051 1346 2113 notionem
1358 2055 1465 2113 tamen

340 2163 571 2250 agnoscendam
594 2185 664 2228 esse
687 2162 852 2228 Lueckius
869 2165 892 2247 ¹)
917 2162 1079 2227 contendit
1102 2161 1172 2227 ΟΒ.
1197 2164 1280 2226 452:

586 2321 664 2397 ξένος
688 2325 766 2405 λόγῳ
791 2324 933 2397 μέτοικος,
957 2319 1022 2388 εἶτα
1046 2325 1072 2388 δ’
1097 2325 1220 2403 ἐγγενὴς

588 2439 754 2516 Φαννίσεται
779 2438 924 2514 Θηβαῖος.

388 2603 471 2667 Mihi
507 2610 615 2667 tamen
651 2602 780 2667 videtur
814 2602 885 2667 voci
916 2602 1047 2678 μέτοικος
1081 2625 1209 2691 prorsus
1239 2604 1349 2669 eadem
1380 2604 1466 2668 notio

340 2723 471 2782 subesse
504 2717 562 2781 hoc
589 2717 657 2783 loco
680 2723 712 2781 et
735 2717 870 2802 reliquis
894 2717 952 2781 ubi
973 2717 1058 2803 apud
1084 2716 1272 2807 Sophoclem
1295 2719 1415 2804 legitur
1430 2719 1466 2800 ⁹),

268 2857 270 2864 ·
339 2853 454 2919 nempe
489 2852 553 2895 una
589 2829 765 2911 habitandi,
797 2839 895 2916 atque
927 2831 1020 2895 credo
1052 2852 1109 2917 per
1131 2853 1241 2896 vocem
1265 2831 1343 2906 ξένος
1366 2831 1465 2896 totius

339 2947 399 3011 loci
423 2947 613 3010 sententiam
637 2945 759 3008 eximie
782 2943 943 3009 exhiberi.

384 3059 554 3124 Nauckius
577 3058 755 3145 explicata
783 3080 842 3139 „cu
867 3058 1036 3123 verstehen
1061 3061 1138 3140 λόγῳ
1160 3062 1215 3137 μὲν
1235 3061 1271 3124 ὢν
1292 3059 1370 3136 ξένος
1390 3060 1464 3137 μέσ-

339 3174 444 3258 ονκος,”
468 3175 569 3259 igitur
591 3173 728 3238 alterum
752 3172 942 3237 vccabulum
955 3173 1151 3238 substantivi
1163 3175 1301 3239 alterum
1313 3173 1465 3261 adjectivi

339 3292 443 3356 locum
468 3296 564 3355 tenet.
590 3288 643 3353 Me
658 3287 770 3374 judice
792 3288 833 3351 ad
857 3288 956 3352 totius
978 3288 1038 3352 loci
1062 3290 1254 3374 gravitatem
1276 3291 1379 3375 magis
1399 3288 1465 3352 ido·

338 3426 437 3470 neum
472 3404 534 3468 crit
568 3403 596 3466 si
627 3402 793 3467 enucleas:
825 3401 985 3488 parricida
1008 3401 1082 3466 Laii
1106 3403 1183 3465 ἐστὶν
1207 3401 1308 3466 ἐνίοίδε
1332 3402 1465 3479 μέτοικος

340 3519 375 3604 (i.
389 3540 416 3584 e.
441 3520 513 3595 ἡμῖν
537 3517 700 3600 μετονκεῖῧ)
726 3515 803 3594 λόγῳ
827 3517 885 3592 μὲν
909 3514 945 3578 ὢν
970 3513 1059 3589 ξένος,
1083 3510 1149 3578 είτα
1172 3515 1205 3578 δὲ
1223 3517 1346 3592 ἐγγενὴς
1366 3516 1464 3594 <Davi-

339 3659 422 3700 σεται
446 3632 597 3710 Θηβαΐας
623 3638 789 3718 prcpterea
812 3631 931 3696 rectius
952 3631 1050 3696 verba
1071 3629 1153 3693 mihi
1174 3628 1349 3715 persuadeo
1369 3630 1466 3694 inter·

340 3747 511 3837 pungenda
534 3767 603 3812 csse
626 3746 690 3810 sic:

807 3841 887 3917 οὗτός
911 3847 988 3909 ἐστιν
1011 3843 1117 3917 catate,

585 3957 662 4033 ξένος
686 3957 773 4038 λίνῳ,
799 3959 940 4035 μέτοικος·
966 3953 1030 4022 εἶτα
1053 3957 1085 4021 δὲ
1108 3984 1133 4022 κ.
1149 3982 1175 4020 τ.
1190 3973 1217 4021 λ.

342 4120 487 4129 ...φ-...-

372 4233 399 4299 1)
419 4235 463 4301 111,
482 4249 537 4298 pag.
554 4232 578 4283 5.

373 4326 400 4384 it
420 4327 481 4376 Ant.
498 4324 555 4374 852.
573 4322 630 4374 868.

372 4417 400 4478 3)
417 4418 454 4468 Gi.
473 4417 533 4468 Ant.
550 4414 614 4465 890:
631 4414 754 4476 μετοικίας
773 4417 816 4470 τῆς
833 4413 880 4463 &ivm
898 4413 1048 4475 maticenses.
